ISA*00*          *00*          *ZZ*99726          *ZZ*1234567890     *250208*0000*^*00501*000000011*0*P*:~GS*HP*99726*1234567890*20250208*0000*11*X*005010X221A1~ST*835*0011*005010X221A1~BPR*I*2012.40*C*ACH*CCP*01*111000025*DA*9876543210*1234567890**01*111000025*DA*1234567890*20250208~TRN*1*EFT20250208011*1234567890~DTM*405*20250208~N1*PR*TRICARE*PI*99726~N3*PO BOX 7872~N4*MADISON*WI*53707~N1*PE*NASHVILLE PRIMARY CARE PLLC*XX*1234567890~N3*100 MAIN STREET STE 200~N4*NASHVILLE*TN*37203~CLP*SKR01130182*1*205*141.39*22.52*CH*997295215097~NM1*QC*1*RAMIREZ*STEVEN*K~NM1*82*1*THOMPSON*RACHEL*L***XX*1122334455~DTM*232*20250113~DTM*233*20250113~DTM*573*20250208~CAS*CO*45*41.09~CAS*PR*1*13.51*1*2*9.01*1~SVC*HC:99214*205*141.39**1~DTM*472*20250113~CAS*CO*45*63.61~CLP*KBP01140222*1*377*300.03*16.10*CH*997298920692~NM1*QC*1*PRICE*KEVIN*B~NM1*82*1*PATEL*ANISHA*K***XX*9876543210~DTM*232*20250114~DTM*233*20250114~DTM*573*20250208~CAS*CO*45*60.87~CAS*PR*1*9.66*1*2*6.44*1~SVC*HC:99213*138*109.83**1~DTM*472*20250114~CAS*CO*45*28.17~SVC*HC:87070*60*47.75**1~DTM*472*20250114~CAS*CO*45*12.25~SVC*HC:80053*132*105.05**1~DTM*472*20250114~CAS*CO*45*26.95~SVC*HC:85027*47*37.40**1~DTM*472*20250114~CAS*CO*45*9.60~CLP*THJ01160249*1*162*109.73*19.30*CH*997298765840~NM1*QC*1*JOHNSON*TYLER*H~NM1*82*1*KIM*JENNY*S***XX*6677889900~DTM*232*20250116~DTM*233*20250116~DTM*573*20250208~CAS*CO*45*32.97~CAS*PR*1*11.58*1*2*7.72*1~SVC*HC:99213*162*109.73**1~DTM*472*20250116~CAS*CO*45*52.27~CLP*MFD01170075*1*362*274.84*44.01*CH*997294533569~NM1*QC*1*DAVIS*MICHAEL*F~NM1*82*1*PATEL*ANISHA*K***XX*9876543210~DTM*232*20250117~DTM*233*20250117~DTM*573*20250208~CAS*CO*45*43.15~CAS*PR*1*26.41*1*2*17.60*1~SVC*HC:99214*208*157.92**1~DTM*472*20250117~CAS*CO*45*50.08~SVC*HC:20610*104*78.96**1~DTM*472*20250117~CAS*CO*45*25.04~SVC*HC:87081*50*37.96**1~DTM*472*20250117~CAS*CO*45*12.04~CLP*LKH01210088*1*224*168.15*15.07*CH*997296539453~NM1*QC*1*HARRIS*LISA*K~NM1*82*1*PATEL*ANISHA*K***XX*9876543210~DTM*232*20250121~DTM*233*20250121~DTM*573*20250208~CAS*CO*45*40.78~CAS*PR*1*9.04*1*2*6.03*1~SVC*HC:99214*224*168.15**1~DTM*472*20250121~CAS*CO*45*55.85~CLP*KAM01220122*2*364*260.94*32.57*CH*997293270615~NM1*QC*1*MARTINEZ*KAREN*A~NM1*82*1*KIM*JENNY*S***XX*6677889900~DTM*232*20250122~DTM*233*20250122~DTM*573*20250208~CAS*CO*45*28.20~CAS*OA*23*42.29~CAS*PR*2*32.57~SVC*HC:99213*151*108.25**1~DTM*472*20250122~CAS*CO*45*42.75~SVC*HC:71046*139*99.64**1~DTM*472*20250122~CAS*CO*45*39.36~SVC*HC:80069*74*53.05**1~DTM*472*20250122~CAS*CO*45*20.95~CLP*GBO01230002*1*255*183.08*20.87*CH*997293755459~NM1*QC*1*OKAFOR*GEORGE*B~NM1*82*1*ABRAMS*DANIEL*T***XX*7788990011~DTM*232*20250123~DTM*233*20250123~DTM*573*20250208~CAS*CO*45*51.05~CAS*PR*1*12.52*1*2*8.35*1~SVC*HC:99213*162*116.31**1~DTM*472*20250123~CAS*CO*45*45.69~SVC*HC:80048*81*58.15**1~DTM*472*20250123~CAS*CO*45*22.85~SVC*HC:99000*12*8.62**1~DTM*472*20250123~CAS*CO*45*3.38~CLP*LGS01230011*1*610*438.31*54.95*CH*997299797610~NM1*QC*1*STEWART*LINDA*G~NM1*82*1*PATEL*ANISHA*K***XX*9876543210~DTM*232*20250123~DTM*233*20250123~DTM*573*20250208~CAS*CO*45*116.74~CAS*PR*1*32.97*1*2*21.98*1~SVC*HC:99395*213*153.05**1~DTM*472*20250123~CAS*CO*45*59.95~SVC*HC:99396*236*169.58**1~DTM*472*20250123~CAS*CO*45*66.42~SVC*HC:85025*51*36.65**1~DTM*472*20250123~CAS*CO*45*14.35~SVC*HC:87070*110*79.04**2~DTM*472*20250123~CAS*CO*45*30.96~CLP*ATA01240007*4*216*0.00*0.00*CH*997298950226~NM1*QC*1*ADAMS*ANNA*T~NM1*82*1*THOMPSON*RACHEL*L***XX*1122334455~DTM*232*20250124~DTM*233*20250124~DTM*573*20250208~CAS*CO*18*216.00~SVC*HC:99213*160*0.00**1~DTM*472*20250124~CAS*CO*18*160.00~SVC*HC:83036*56*0.00**1~DTM*472*20250124~CAS*CO*18*56.00~CLP*JHP01240180*1*172*135.93*15.43*CH*997291164772~NM1*QC*1*PRICE*JOSEPH*H~NM1*82*1*THOMPSON*RACHEL*L***XX*1122334455~DTM*232*20250124~DTM*233*20250124~DTM*573*20250208~CAS*CO*45*20.64~CAS*PR*1*9.26*1*2*6.17*1~SVC*HC:99213*144*113.80**1~DTM*472*20250124~CAS*CO*45*30.20~SVC*HC:99000*28*22.13**2~DTM*472*20250124~CAS*CO*45*5.87~SE*162*0011~GE*1*11~IEA*1*000000011~