ISA*00*          *00*          *ZZ*62308C         *ZZ*1234567890     *250208*0000*^*00501*000000009*0*P*:~GS*HP*62308C*1234567890*20250208*0000*9*X*005010X221A1~ST*835*0009*005010X221A1~BPR*I*5807.94*C*ACH*CCP*01*111000025*DA*9876543210*1234567890**01*111000025*DA*1234567890*20250208~TRN*1*EFT20250208009*1234567890~DTM*405*20250208~N1*PR*CIGNA HEALTHCARE*PI*62308C~N3*PO BOX 188061~N4*CHATTANOOGA*TN*37422~N1*PE*CUMBERLAND ORTHOPEDIC ASSOC*XX*3456789012~N3*4500 HARDING PIKE STE 100~N4*NASHVILLE*TN*37205~CLP*NLC01130124*1*215*168.32*19.09*CI*623098908785~NM1*QC*1*CHEN*NANCY*L~NM1*82*1*PATEL*ANISHA*K***XX*9876543210~DTM*232*20250113~DTM*233*20250113~DTM*573*20250208~CAS*CO*45*27.59~CAS*PR*1*11.45*1*2*7.64*1~SVC*HC:99214*199*155.79**1~DTM*472*20250113~CAS*CO*45*43.21~SVC*HC:99000*16*12.53**1~DTM*472*20250113~CAS*CO*45*3.47~CLP*MCA01130138*1*67*51.77*3.89*CI*623097317976~NM1*QC*1*ADAMS*MARCUS*C~NM1*82*1*KIM*JENNY*S***XX*6677889900~DTM*232*20250113~DTM*233*20250113~DTM*573*20250208~CAS*CO*45*11.34~CAS*PR*1*2.33*1*2*1.56*1~SVC*HC:99490*67*51.77**1~DTM*472*20250113~CAS*CO*45*15.23~CLP*KEM01140020*1*407*292.60*33.81*CI*623095886173~NM1*QC*1*MORALES*KEVIN*E~NM1*82*1*KIM*JENNY*S***XX*6677889900~DTM*232*20250114~DTM*233*20250114~DTM*573*20250208~CAS*CO*45*80.59~CAS*PR*1*20.29*1*2*13.52*1~SVC*HC:99213*125*89.86**1~DTM*472*20250114~CAS*CO*45*35.14~SVC*HC:71046*163*117.18**1~DTM*472*20250114~CAS*CO*45*45.82~SVC*HC:80053*119*85.55**1~DTM*472*20250114~CAS*CO*45*33.45~CLP*DHB01140051*1*226*188.64*14.84*CI*623098206394~NM1*QC*1*BAILEY*DANIEL*H~NM1*82*1*ABRAMS*DANIEL*T***XX*7788990011~DTM*232*20250114~DTM*233*20250114~DTM*573*20250208~CAS*CO*45*22.52~CAS*PR*1*8.90*1*2*5.94*1~SVC*HC:99396*226*188.64**1~DTM*472*20250114~CAS*CO*45*37.36~CLP*RCG01140094*1*398*305.00*50.09*CI*623092561327~NM1*QC*1*GREEN*RUTH*C~NM1*82*1*ABRAMS*DANIEL*T***XX*7788990011~DTM*232*20250114~DTM*233*20250114~DTM*573*20250208~CAS*CO*45*42.91~CAS*PR*1*30.05*1*2*20.04*1~SVC*HC:99213*157*120.31**1~DTM*472*20250114~CAS*CO*45*36.69~SVC*HC:83036*50*38.32**1~DTM*472*20250114~CAS*CO*45*11.68~SVC*HC:80048*76*58.24**1~DTM*472*20250114~CAS*CO*45*17.76~SVC*HC:81001*27*20.69**1~DTM*472*20250114~CAS*CO*45*6.31~SVC*HC:94010*88*67.44**2~DTM*472*20250114~CAS*CO*45*20.56~CLP*SHJ01140211*1*347*266.24*20.52*CI*623094728785~NM1*QC*1*JOHNSON*SANDRA*H~NM1*82*1*PATEL*ANISHA*K***XX*9876543210~DTM*232*20250114~DTM*233*20250114~DTM*573*20250208~CAS*CO*45*60.24~CAS*PR*1*12.31*1*2*8.21*1~SVC*HC:99214*215*164.96**1~DTM*472*20250114~CAS*CO*45*50.04~SVC*HC:96127*32*24.55**1~DTM*472*20250114~CAS*CO*45*7.45~SVC*HC:90834*100*76.73**1~DTM*472*20250114~CAS*CO*45*23.27~CLP*TRA01140217*1*544*411.02*69.15*CI*623097817098~NM1*QC*1*ALLEN*THANH*R~NM1*82*1*THOMPSON*RACHEL*L***XX*1122334455~DTM*232*20250114~DTM*233*20250114~DTM*573*20250208~CAS*CO*45*63.83~CAS*PR*1*41.49*1*2*27.66*1~SVC*HC:99214*189*142.80**1~DTM*472*20250114~CAS*CO*45*46.20~SVC*HC:96372*216*163.20**1~DTM*472*20250114~CAS*CO*45*52.80~SVC*HC:85025*55*41.56**1~DTM*472*20250114~CAS*CO*45*13.44~SVC*HC:80048*84*63.47**1~DTM*472*20250114~CAS*CO*45*20.53~CLP*MHM01150026*1*223*165.97*9.10*CI*623095673426~NM1*QC*1*MARTIN*MICHAEL*H~NM1*82*1*THOMPSON*RACHEL*L***XX*1122334455~DTM*232*20250115~DTM*233*20250115~DTM*573*20250208~CAS*CO*45*47.93~CAS*PR*1*5.46*1*2*3.64*1~SVC*HC:99214*223*165.97**1~DTM*472*20250115~CAS*CO*45*57.03~CLP*CCD01160070*1*261*223.60*14.34*CI*623099109259~NM1*QC*1*DIAZ*CHLOE*C~NM1*82*1*THOMPSON*RACHEL*L***XX*1122334455~DTM*232*20250116~DTM*233*20250116~DTM*573*20250208~CAS*CO*45*23.06~CAS*PR*1*8.60*1*2*5.74*1~SVC*HC:99213*136*116.51**1~DTM*472*20250116~CAS*CO*45*19.49~SVC*HC:80053*125*107.09**1~DTM*472*20250116~CAS*CO*45*17.91~CLP*NER01170029*1*323*243.34*26.59*CI*623095771825~NM1*QC*1*RAMIREZ*NOAH*E~NM1*82*1*ABRAMS*DANIEL*T***XX*7788990011~DTM*232*20250117~DTM*233*20250117~DTM*573*20250208~CAS*CO*45*53.07~CAS*PR*1*15.95*1*2*10.64*1~SVC*HC:99396*262*197.38**1~DTM*472*20250117~CAS*CO*45*64.62~SVC*HC:81001*27*20.34**1~DTM*472*20250117~CAS*CO*45*6.66~SVC*HC:85027*34*25.61**1~DTM*472*20250117~CAS*CO*45*8.39~CLP*KKC01170034*1*289*213.19*18.58*CI*623099945677~NM1*QC*1*COLLINS*KAREN*K~NM1*82*1*GARCIA*MARCUS*D***XX*5566778899~DTM*232*20250117~DTM*233*20250117~DTM*573*20250208~CAS*CO*45*57.23~CAS*PR*1*11.15*1*2*7.43*1~SVC*HC:96127*26*19.18**1~DTM*472*20250117~CAS*CO*45*6.82~SVC*HC:80069*176*129.83**2~DTM*472*20250117~CAS*CO*45*46.17~SVC*HC:81003*25*18.44**1~DTM*472*20250117~CAS*CO*45*6.56~SVC*HC:80048*62*45.74**1~DTM*472*20250117~CAS*CO*45*16.26~CLP*BTA01200239*1*283*200.60*29.25*CI*623099499228~NM1*QC*1*ANDERSON*BETTY*T~NM1*82*1*GARCIA*MARCUS*D***XX*5566778899~DTM*232*20250120~DTM*233*20250120~DTM*573*20250208~CAS*CO*45*53.15~CAS*PR*1*17.55*1*2*11.70*1~SVC*HC:99214*220*155.94**1~DTM*472*20250120~CAS*CO*45*64.06~SVC*HC:87070*63*44.66**1~DTM*472*20250120~CAS*CO*45*18.34~CLP*ANC01210022*2*313*164.07*21.62*CI*623095103942~NM1*QC*1*CRUZ*ANDREW*N~NM1*82*1*PATEL*ANISHA*K***XX*9876543210~DTM*232*20250121~DTM*233*20250121~DTM*573*20250208~CAS*CO*45*50.92~CAS*OA*23*76.39~CAS*PR*2*21.62~SVC*HC:99215*313*164.07**1~DTM*472*20250121~CAS*CO*45*148.93~CLP*RJM01220012*1*388*316.36*30.44*CI*623097415747~NM1*QC*1*MOORE*RUTH*J~NM1*82*1*GARCIA*MARCUS*D***XX*5566778899~DTM*232*20250122~DTM*233*20250122~DTM*573*20250208~CAS*CO*45*41.20~CAS*PR*1*18.26*1*2*12.18*1~SVC*HC:99214*176*143.50**1~DTM*472*20250122~CAS*CO*45*32.50~SVC*HC:71046*130*106.00**1~DTM*472*20250122~CAS*CO*45*24.00~SVC*HC:94060*55*44.84**1~DTM*472*20250122~CAS*CO*45*10.16~SVC*HC:81003*27*22.01**1~DTM*472*20250122~CAS*CO*45*4.99~CLP*SKC01220057*1*737*534.98*81.23*CI*623091288778~NM1*QC*1*CAMPBELL*SARAH*K~NM1*82*1*KIM*JENNY*S***XX*6677889900~DTM*232*20250122~DTM*233*20250122~DTM*573*20250208~CAS*CO*45*120.79~CAS*PR*1*48.74*1*2*32.49*1~SVC*HC:99214*208*150.98**1~DTM*472*20250122~CAS*CO*45*57.02~SVC*HC:20610*118*85.65**1~DTM*472*20250122~CAS*CO*45*32.35~SVC*HC:99000*17*12.34**1~DTM*472*20250122~CAS*CO*45*4.66~SVC*HC:96372*394*286.00**2~DTM*472*20250122~CAS*CO*45*108.00~CLP*AKM01220114*1*197*153.62*24.22*CI*623099338861~NM1*QC*1*MITCHELL*ANDREW*K~NM1*82*1*ABRAMS*DANIEL*T***XX*7788990011~DTM*232*20250122~DTM*233*20250122~DTM*573*20250208~CAS*CO*45*19.16~CAS*PR*1*14.53*1*2*9.69*1~SVC*HC:99213*138*107.61**1~DTM*472*20250122~CAS*CO*45*30.39~SVC*HC:94010*39*30.41**1~DTM*472*20250122~CAS*CO*45*8.59~SVC*HC:99000*20*15.60**1~DTM*472*20250122~CAS*CO*45*4.40~CLP*MCA01220147*22*508*240.26*43.34*CI*623097604270~NM1*QC*1*ADAMS*MARCUS*C~NM1*82*1*KIM*JENNY*S***XX*6677889900~DTM*232*20250122~DTM*233*20250122~DTM*573*20250208~CAS*CO*45*89.76~CAS*OA*23*134.64~CAS*PR*2*43.34~SVC*HC:99213*127*60.06**1~DTM*472*20250122~CAS*CO*45*66.94~SVC*HC:71046*158*74.73**1~DTM*472*20250122~CAS*CO*45*83.27~SVC*HC:80069*85*40.20**1~DTM*472*20250122~CAS*CO*45*44.80~SVC*HC:80053*138*65.27**1~DTM*472*20250122~CAS*CO*45*72.73~CLP*MFM01220190*1*311*213.21*30.25*CI*623097253500~NM1*QC*1*MOORE*MATTHEW*F~NM1*82*1*KIM*JENNY*S***XX*6677889900~DTM*232*20250122~DTM*233*20250122~DTM*573*20250208~CAS*CO*45*67.54~CAS*PR*1*18.15*1*2*12.10*1~SVC*HC:99214*225*154.25**1~DTM*472*20250122~CAS*CO*45*70.75~SVC*HC:94060*48*32.91**1~DTM*472*20250122~CAS*CO*45*15.09~SVC*HC:94010*38*26.05**1~DTM*472*20250122~CAS*CO*45*11.95~CLP*PBY01220224*1*265*194.62*32.18*CI*623092817044~NM1*QC*1*YOUNG*PAUL*B~NM1*82*1*PATEL*ANISHA*K***XX*9876543210~DTM*232*20250122~DTM*233*20250122~DTM*573*20250208~CAS*CO*45*38.20~CAS*PR*1*19.31*1*2*12.87*1~SVC*HC:90834*85*62.43**1~DTM*472*20250122~CAS*CO*45*22.57~SVC*HC:93000*146*107.22**1~DTM*472*20250122~CAS*CO*45*38.78~SVC*HC:36415*34*24.97**1~DTM*472*20250122~CAS*CO*45*9.03~CLP*JRW01220228*1*306*216.35*26.42*CI*623098587837~NM1*QC*1*WILSON*JESSICA*R~NM1*82*1*GARCIA*MARCUS*D***XX*5566778899~DTM*232*20250122~DTM*233*20250122~DTM*573*20250208~CAS*CO*45*63.23~CAS*PR*1*15.85*1*2*10.57*1~SVC*HC:99214*220*155.55**1~DTM*472*20250122~CAS*CO*45*64.45~SVC*HC:87880*86*60.80**2~DTM*472*20250122~CAS*CO*45*25.20~CLP*BCP01230047*22*153*86.80*16.56*CI*623094759117~NM1*QC*1*PARKER*BRIAN*C~NM1*82*1*PATEL*ANISHA*K***XX*9876543210~DTM*232*20250123~DTM*233*20250123~DTM*573*20250208~CAS*CO*45*19.86~CAS*OA*23*29.78~CAS*PR*2*16.56~SVC*HC:99490*74*41.98**1~DTM*472*20250123~CAS*CO*45*32.02~SVC*HC:80069*79*44.82**1~DTM*472*20250123~CAS*CO*45*34.18~CLP*MER01230089*4*147*0.00*0.00*CI*623091417616~NM1*QC*1*ROBINSON*MICHAEL*E~NM1*82*1*ABRAMS*DANIEL*T***XX*7788990011~DTM*232*20250123~DTM*233*20250123~DTM*573*20250208~CAS*CO*197*147.00~SVC*HC:99213*147*0.00**1~DTM*472*20250123~CAS*CO*197*147.00~CLP*TPE01230173*1*312*251.95*25.69*CI*623097666403~NM1*QC*1*EVANS*THANH*P~NM1*82*1*KIM*JENNY*S***XX*6677889900~DTM*232*20250123~DTM*233*20250123~DTM*573*20250208~CAS*CO*45*34.36~CAS*PR*1*15.41*1*2*10.28*1~SVC*HC:99215*312*251.95**1~DTM*472*20250123~CAS*CO*45*60.05~CLP*SNL01240104*1*482*391.95*34.18*CI*623094894252~NM1*QC*1*LEE*STEVEN*N~NM1*82*1*GARCIA*MARCUS*D***XX*5566778899~DTM*232*20250124~DTM*233*20250124~DTM*573*20250208~CAS*CO*45*55.87~CAS*PR*1*20.51*1*2*13.67*1~SVC*HC:99395*203*165.07**1~DTM*472*20250124~CAS*CO*45*37.93~SVC*HC:99396*228*185.40**1~DTM*472*20250124~CAS*CO*45*42.60~SVC*HC:87081*51*41.47**1~DTM*472*20250124~CAS*CO*45*9.53~CLP*MNJ01240161*1*395*313.48*20.00*CI*623098500846~NM1*QC*1*JONES*MARGARET*N~NM1*82*1*THOMPSON*RACHEL*L***XX*1122334455~DTM*232*20250124~DTM*233*20250124~DTM*573*20250208~CAS*CO*45*61.52~CAS*PR*1*12.00*1*2*8.00*1~SVC*HC:20610*139*110.31**1~DTM*472*20250124~CAS*CO*45*28.69~SVC*HC:85027*44*34.92**1~DTM*472*20250124~CAS*CO*45*9.08~SVC*HC:80061*180*142.85**2~DTM*472*20250124~CAS*CO*45*37.15~SVC*HC:81001*32*25.40**1~DTM*472*20250124~CAS*CO*45*6.60~SE*410*0009~GE*1*9~IEA*1*000000009~