ISA*00*          *00*          *ZZ*60054          *ZZ*1234567890     *250209*0000*^*00501*000000013*0*P*:~GS*HP*60054*1234567890*20250209*0000*13*X*005010X221A1~ST*835*0013*005010X221A1~BPR*I*7683.46*C*ACH*CCP*01*111000025*DA*9876543210*1234567890**01*111000025*DA*1234567890*20250209~TRN*1*EFT20250209013*1234567890~DTM*405*20250209~N1*PR*AETNA*PI*60054~N3*PO BOX 981106~N4*EL PASO*TX*79998~N1*PE*CUMBERLAND ORTHOPEDIC ASSOC*XX*3456789012~N3*4500 HARDING PIKE STE 100~N4*NASHVILLE*TN*37205~CLP*SMC01140036*1*383*276.54*29.89*CI*600598624921~NM1*QC*1*CHEN*SARAH*M~NM1*82*1*THOMPSON*RACHEL*L***XX*1122334455~DTM*232*20250114~DTM*233*20250114~DTM*573*20250209~CAS*CO*45*76.57~CAS*PR*1*17.93*1*2*11.96*1~SVC*HC:99214*177*127.80**1~DTM*472*20250114~CAS*CO*45*49.20~SVC*HC:93000*155*111.92**1~DTM*472*20250114~CAS*CO*45*43.08~SVC*HC:94010*51*36.82**1~DTM*472*20250114~CAS*CO*45*14.18~CLP*SAM01140136*1*255*187.42*11.49*CI*600599225877~NM1*QC*1*MITCHELL*SARAH*A~NM1*82*1*THOMPSON*RACHEL*L***XX*1122334455~DTM*232*20250114~DTM*233*20250114~DTM*573*20250209~CAS*CO*45*56.09~CAS*PR*1*6.89*1*2*4.60*1~SVC*HC:99213*148*108.78**1~DTM*472*20250114~CAS*CO*45*39.22~SVC*HC:94060*53*38.95**1~DTM*472*20250114~CAS*CO*45*14.05~SVC*HC:99000*20*14.70**1~DTM*472*20250114~CAS*CO*45*5.30~SVC*HC:36415*34*24.99**1~DTM*472*20250114~CAS*CO*45*9.01~CLP*JMN01140194*1*278*238.37*16.22*CI*600593915393~NM1*QC*1*NGUYEN*JAMES*M~NM1*82*1*ABRAMS*DANIEL*T***XX*7788990011~DTM*232*20250114~DTM*233*20250114~DTM*573*20250209~CAS*CO*45*23.41~CAS*PR*1*9.73*1*2*6.49*1~SVC*HC:99214*217*186.07**1~DTM*472*20250114~CAS*CO*45*30.93~SVC*HC:80048*61*52.30**1~DTM*472*20250114~CAS*CO*45*8.70~CLP*EHA01140201*1*327*265.00*27.02*CI*600598943146~NM1*QC*1*ANDERSON*EMMA*H~NM1*82*1*GARCIA*MARCUS*D***XX*5566778899~DTM*232*20250114~DTM*233*20250114~DTM*573*20250209~CAS*CO*45*34.98~CAS*PR*1*16.21*1*2*10.81*1~SVC*HC:99214*214*173.43**1~DTM*472*20250114~CAS*CO*45*40.57~SVC*HC:81003*22*17.83**1~DTM*472*20250114~CAS*CO*45*4.17~SVC*HC:85025*37*29.98**1~DTM*472*20250114~CAS*CO*45*7.02~SVC*HC:94010*54*43.76**1~DTM*472*20250114~CAS*CO*45*10.24~CLP*EMC01150025*1*214*166.52*14.53*CI*600592742939~NM1*QC*1*CHEN*ELIZABETH*M~NM1*82*1*ABRAMS*DANIEL*T***XX*7788990011~DTM*232*20250115~DTM*233*20250115~DTM*573*20250209~CAS*CO*45*32.95~CAS*PR*1*8.72*1*2*5.81*1~SVC*HC:99214*214*166.52**1~DTM*472*20250115~CAS*CO*45*47.48~CLP*AFM01150064*1*352*288.90*23.11*CI*600591640782~NM1*QC*1*MITCHELL*ANDREW*F~NM1*82*1*ABRAMS*DANIEL*T***XX*7788990011~DTM*232*20250115~DTM*233*20250115~DTM*573*20250209~CAS*CO*45*39.99~CAS*PR*1*13.87*1*2*9.24*1~SVC*HC:99215*304*249.50**1~DTM*472*20250115~CAS*CO*45*54.50~SVC*HC:87880*48*39.40**1~DTM*472*20250115~CAS*CO*45*8.60~CLP*LPL01150188*1*238*173.42*25.32*CI*600597199749~NM1*QC*1*LEWIS*LINDA*P~NM1*82*1*GARCIA*MARCUS*D***XX*5566778899~DTM*232*20250115~DTM*233*20250115~DTM*573*20250209~CAS*CO*45*39.26~CAS*PR*1*15.19*1*2*10.13*1~SVC*HC:99214*194*141.36**1~DTM*472*20250115~CAS*CO*45*52.64~SVC*HC:94010*44*32.06**1~DTM*472*20250115~CAS*CO*45*11.94~CLP*GML01150220*1*179*143.87*13.45*CI*600591483804~NM1*QC*1*LEE*GEORGE*M~NM1*82*1*KIM*JENNY*S***XX*6677889900~DTM*232*20250115~DTM*233*20250115~DTM*573*20250209~CAS*CO*45*21.68~CAS*PR*1*8.07*1*2*5.38*1~SVC*HC:99213*141*113.33**1~DTM*472*20250115~CAS*CO*45*27.67~SVC*HC:87880*38*30.54**1~DTM*472*20250115~CAS*CO*45*7.46~CLP*NLC01160005*1*166*136.80*12.17*CI*600593570131~NM1*QC*1*CHEN*NOAH*L~NM1*82*1*PATEL*ANISHA*K***XX*9876543210~DTM*232*20250116~DTM*233*20250116~DTM*573*20250209~CAS*CO*45*17.03~CAS*PR*1*7.30*1*2*4.87*1~SVC*HC:99213*129*106.31**1~DTM*472*20250116~CAS*CO*45*22.69~SVC*HC:94010*37*30.49**1~DTM*472*20250116~CAS*CO*45*6.51~CLP*RNL01160062*2*601*284.55*55.52*CI*600593968018~NM1*QC*1*LEWIS*RUTH*N~NM1*82*1*PATEL*ANISHA*K***XX*9876543210~DTM*232*20250116~DTM*233*20250116~DTM*573*20250209~CAS*CO*45*104.37~CAS*OA*23*156.56~CAS*PR*2*55.52~SVC*HC:99395*218*103.21**1~DTM*472*20250116~CAS*CO*45*114.79~SVC*HC:99396*237*112.21**1~DTM*472*20250116~CAS*CO*45*124.79~SVC*HC:93000*146*69.13**1~DTM*472*20250116~CAS*CO*45*76.87~CLP*DLC01160100*1*486*379.89*64.19*CI*600593208690~NM1*QC*1*CLARK*DONALD*L~NM1*82*1*THOMPSON*RACHEL*L***XX*1122334455~DTM*232*20250116~DTM*233*20250116~DTM*573*20250209~CAS*CO*45*41.92~CAS*PR*1*38.51*1*2*25.68*1~SVC*HC:99214*205*160.24**1~DTM*472*20250116~CAS*CO*45*44.76~SVC*HC:83036*54*42.21**1~DTM*472*20250116~CAS*CO*45*11.79~SVC*HC:80061*186*145.39**2~DTM*472*20250116~CAS*CO*45*40.61~SVC*HC:87070*41*32.05**1~DTM*472*20250116~CAS*CO*45*8.95~CLP*JEE01160187*1*303*238.79*32.91*CI*600592389566~NM1*QC*1*EVANS*JESSICA*E~NM1*82*1*GARCIA*MARCUS*D***XX*5566778899~DTM*232*20250116~DTM*233*20250116~DTM*573*20250209~CAS*CO*45*31.30~CAS*PR*1*19.75*1*2*13.16*1~SVC*HC:99214*187*147.37**1~DTM*472*20250116~CAS*CO*45*39.63~SVC*HC:87081*49*38.62**1~DTM*472*20250116~CAS*CO*45*10.38~SVC*HC:80069*67*52.80**1~DTM*472*20250116~CAS*CO*45*14.20~CLP*WSD01170016*1*159*127.58*15.14*CI*600598039259~NM1*QC*1*DAVIS*WILLIAM*S~NM1*82*1*THOMPSON*RACHEL*L***XX*1122334455~DTM*232*20250117~DTM*233*20250117~DTM*573*20250209~CAS*CO*45*16.28~CAS*PR*1*9.08*1*2*6.06*1~SVC*HC:99213*125*100.30**1~DTM*472*20250117~CAS*CO*45*24.70~SVC*HC:85027*34*27.28**1~DTM*472*20250117~CAS*CO*45*6.72~CLP*EBP01170084*1*183*135.28*20.02*CI*600593003648~NM1*QC*1*PARKER*ETHAN*B~NM1*82*1*THOMPSON*RACHEL*L***XX*1122334455~DTM*232*20250117~DTM*233*20250117~DTM*573*20250209~CAS*CO*45*27.70~CAS*PR*1*12.01*1*2*8.01*1~SVC*HC:99214*183*135.28**1~DTM*472*20250117~CAS*CO*45*47.72~CLP*DKH01170105*22*246*161.28*21.91*CI*600591940329~NM1*QC*1*HILL*DANIEL*K~NM1*82*1*KIM*JENNY*S***XX*6677889900~DTM*232*20250117~DTM*233*20250117~DTM*573*20250209~CAS*CO*45*25.12~CAS*OA*23*37.69~CAS*PR*2*21.91~SVC*HC:99214*201*131.78**1~DTM*472*20250117~CAS*CO*45*69.22~SVC*HC:83036*45*29.50**1~DTM*472*20250117~CAS*CO*45*15.50~CLP*WLB01170125*1*355*288.34*20.97*CI*600598438648~NM1*QC*1*BAKER*WILLIAM*L~NM1*82*1*ABRAMS*DANIEL*T***XX*7788990011~DTM*232*20250117~DTM*233*20250117~DTM*573*20250209~CAS*CO*45*45.69~CAS*PR*1*12.58*1*2*8.39*1~SVC*HC:99215*312*253.41**1~DTM*472*20250117~CAS*CO*45*58.59~SVC*HC:87070*43*34.93**1~DTM*472*20250117~CAS*CO*45*8.07~CLP*AAP01170149*1*162*126.21*19.79*CI*600592045647~NM1*QC*1*PATEL*AMELIA*A~NM1*82*1*THOMPSON*RACHEL*L***XX*1122334455~DTM*232*20250117~DTM*233*20250117~DTM*573*20250209~CAS*CO*45*16.00~CAS*PR*1*11.87*1*2*7.92*1~SVC*HC:99213*162*126.21**1~DTM*472*20250117~CAS*CO*45*35.79~CLP*REH01200116*4*135*0.00*0.00*CI*600596272014~NM1*QC*1*HILL*RICHARD*E~NM1*82*1*THOMPSON*RACHEL*L***XX*1122334455~DTM*232*20250120~DTM*233*20250120~DTM*573*20250209~CAS*CO*29*135.00~SVC*HC:99213*135*0.00**1~DTM*472*20250120~CAS*CO*29*135.00~CLP*DEH01200197*1*308*250.33*23.14*CI*600592635366~NM1*QC*1*HALL*DONNA*E~NM1*82*1*PATEL*ANISHA*K***XX*9876543210~DTM*232*20250120~DTM*233*20250120~DTM*573*20250209~CAS*CO*45*34.53~CAS*PR*1*13.88*1*2*9.26*1~SVC*HC:99215*279*226.76**1~DTM*472*20250120~CAS*CO*45*52.24~SVC*HC:81003*29*23.57**1~DTM*472*20250120~CAS*CO*45*5.43~CLP*SHM01200230*1*197*146.89*18.47*CI*600595655311~NM1*QC*1*MORALES*STEVEN*H~NM1*82*1*GARCIA*MARCUS*D***XX*5566778899~DTM*232*20250120~DTM*233*20250120~DTM*573*20250209~CAS*CO*45*31.64~CAS*PR*1*11.08*1*2*7.39*1~SVC*HC:99213*159*118.56**1~DTM*472*20250120~CAS*CO*45*40.44~SVC*HC:85027*38*28.33**1~DTM*472*20250120~CAS*CO*45*9.67~CLP*MJB01200241*1*178*137.85*22.83*CI*600594257839~NM1*QC*1*BROOKS*MIA*J~NM1*82*1*KIM*JENNY*S***XX*6677889900~DTM*232*20250120~DTM*233*20250120~DTM*573*20250209~CAS*CO*45*17.32~CAS*PR*1*13.70*1*2*9.13*1~SVC*HC:99213*129*99.90**1~DTM*472*20250120~CAS*CO*45*29.10~SVC*HC:94010*49*37.95**1~DTM*472*20250120~CAS*CO*45*11.05~CLP*PVB01210059*1*274*201.73*19.32*CI*600591279750~NM1*QC*1*BROOKS*PAUL*V~NM1*82*1*GARCIA*MARCUS*D***XX*5566778899~DTM*232*20250121~DTM*233*20250121~DTM*573*20250209~CAS*CO*45*52.95~CAS*PR*1*11.59*1*2*7.73*1~SVC*HC:99214*209*153.87**1~DTM*472*20250121~CAS*CO*45*55.13~SVC*HC:80048*65*47.86**1~DTM*472*20250121~CAS*CO*45*17.14~CLP*LGO01210069*4*761*0.00*0.00*CI*600596581192~NM1*QC*1*OKAFOR*LINDA*G~NM1*82*1*KIM*JENNY*S***XX*6677889900~DTM*232*20250121~DTM*233*20250121~DTM*573*20250209~CAS*CO*18*761.00~SVC*HC:99395*191*0.00**1~DTM*472*20250121~CAS*CO*18*191.00~SVC*HC:99396*249*0.00**1~DTM*472*20250121~CAS*CO*18*249.00~SVC*HC:96372*214*0.00**1~DTM*472*20250121~CAS*CO*18*214.00~SVC*HC:81001*28*0.00**1~DTM*472*20250121~CAS*CO*18*28.00~SVC*HC:80069*79*0.00**1~DTM*472*20250121~CAS*CO*18*79.00~CLP*MNT01210117*1*1128*873.60*153.61*CI*600596309658~NM1*QC*1*THOMAS*MICHAEL*N~NM1*82*1*GARCIA*MARCUS*D***XX*5566778899~DTM*232*20250121~DTM*233*20250121~DTM*573*20250209~CAS*CO*45*100.79~CAS*PR*1*92.17*1*2*61.44*1~SVC*HC:99395*197*152.57**1~DTM*472*20250121~CAS*CO*45*44.43~SVC*HC:99396*265*205.23**1~DTM*472*20250121~CAS*CO*45*59.77~SVC*HC:81001*34*26.33**1~DTM*472*20250121~CAS*CO*45*7.67~SVC*HC:96372*442*342.31**2~DTM*472*20250121~CAS*CO*45*99.69~SVC*HC:87880*108*83.64**2~DTM*472*20250121~CAS*CO*45*24.36~SVC*HC:80048*82*63.51**1~DTM*472*20250121~CAS*CO*45*18.49~CLP*EDS01210134*1*351*259.00*24.40*CI*600593838932~NM1*QC*1*STEWART*ELIZABETH*D~NM1*82*1*GARCIA*MARCUS*D***XX*5566778899~DTM*232*20250121~DTM*233*20250121~DTM*573*20250209~CAS*CO*45*67.60~CAS*PR*1*14.64*1*2*9.76*1~SVC*HC:99215*266*196.28**1~DTM*472*20250121~CAS*CO*45*69.72~SVC*HC:80061*85*62.72**1~DTM*472*20250121~CAS*CO*45*22.28~CLP*SRC01210153*4*342*0.00*0.00*CI*600597144765~NM1*QC*1*COLLINS*SARAH*R~NM1*82*1*KIM*JENNY*S***XX*6677889900~DTM*232*20250121~DTM*233*20250121~DTM*573*20250209~CAS*CO*18*342.00~SVC*HC:99214*200*0.00**1~DTM*472*20250121~CAS*CO*18*200.00~SVC*HC:93000*142*0.00**1~DTM*472*20250121~CAS*CO*18*142.00~CLP*JRY01210246*22*379*192.71*34.50*CI*600599662755~NM1*QC*1*YOUNG*JOSEPH*R~NM1*82*1*PATEL*ANISHA*K***XX*9876543210~DTM*232*20250121~DTM*233*20250121~DTM*573*20250209~CAS*CO*45*60.72~CAS*OA*23*91.07~CAS*PR*2*34.50~SVC*HC:99213*163*82.88**1~DTM*472*20250121~CAS*CO*45*80.12~SVC*HC:87070*61*31.02**1~DTM*472*20250121~CAS*CO*45*29.98~SVC*HC:71046*155*78.81**1~DTM*472*20250121~CAS*CO*45*76.19~CLP*TSS01220052*1*208*150.65*14.33*CI*600591237753~NM1*QC*1*SCOTT*TIMOTHY*S~NM1*82*1*PATEL*ANISHA*K***XX*9876543210~DTM*232*20250122~DTM*233*20250122~DTM*573*20250209~CAS*CO*45*43.02~CAS*PR*1*8.60*1*2*5.73*1~SVC*HC:99214*208*150.65**1~DTM*472*20250122~CAS*CO*45*57.35~CLP*SGD01220123*4*145*0.00*0.00*CI*600597764121~NM1*QC*1*DAVIS*SANDRA*G~NM1*82*1*GARCIA*MARCUS*D***XX*5566778899~DTM*232*20250122~DTM*233*20250122~DTM*573*20250209~CAS*CO*16*145.00~SVC*HC:99213*145*0.00**1~DTM*472*20250122~CAS*CO*16*145.00~CLP*TSW01220140*4*299*0.00*0.00*CI*600597985675~NM1*QC*1*WILLIAMS*TYLER*S~NM1*82*1*PATEL*ANISHA*K***XX*9876543210~DTM*232*20250122~DTM*233*20250122~DTM*573*20250209~CAS*CO*197*299.00~SVC*HC:99213*131*0.00**1~DTM*472*20250122~CAS*CO*197*131.00~SVC*HC:80069*74*0.00**1~DTM*472*20250122~CAS*CO*197*74.00~SVC*HC:80061*94*0.00**1~DTM*472*20250122~CAS*CO*197*94.00~CLP*GTR01220168*1*708*495.31*82.08*CI*600592031520~NM1*QC*1*RAMIREZ*GEORGE*T~NM1*82*1*KIM*JENNY*S***XX*6677889900~DTM*232*20250122~DTM*233*20250122~DTM*573*20250209~CAS*CO*45*130.61~CAS*PR*1*49.25*1*2*32.83*1~SVC*HC:99214*192*134.32**1~DTM*472*20250122~CAS*CO*45*57.68~SVC*HC:80069*72*50.37**1~DTM*472*20250122~CAS*CO*45*21.63~SVC*HC:96372*444*310.62**2~DTM*472*20250122~CAS*CO*45*133.38~CLP*LHP01230006*1*315*257.92*14.54*CI*600592089762~NM1*QC*1*PARKER*LOGAN*H~NM1*82*1*THOMPSON*RACHEL*L***XX*1122334455~DTM*232*20250123~DTM*233*20250123~DTM*573*20250209~CAS*CO*45*42.54~CAS*PR*1*8.72*1*2*5.82*1~SVC*HC:99213*127*103.99**1~DTM*472*20250123~CAS*CO*45*23.01~SVC*HC:99000*12*9.83**1~DTM*472*20250123~CAS*CO*45*2.17~SVC*HC:71046*176*144.11**1~DTM*472*20250123~CAS*CO*45*31.89~CLP*NVB01230008*1*201*148.42*16.10*CI*600594236994~NM1*QC*1*BROOKS*NOAH*V~NM1*82*1*GARCIA*MARCUS*D***XX*5566778899~DTM*232*20250123~DTM*233*20250123~DTM*573*20250209~CAS*CO*45*36.48~CAS*PR*1*9.66*1*2*6.44*1~SVC*HC:99213*147*108.55**1~DTM*472*20250123~CAS*CO*45*38.45~SVC*HC:87880*54*39.87**1~DTM*472*20250123~CAS*CO*45*14.13~CLP*HBB01230028*1*665*460.29*62.50*CI*600599414204~NM1*QC*1*BAILEY*HARPER*B~NM1*82*1*GARCIA*MARCUS*D***XX*5566778899~DTM*232*20250123~DTM*233*20250123~DTM*573*20250209~CAS*CO*45*142.21~CAS*PR*1*37.50*1*2*25.00*1~SVC*HC:99215*252*174.43**1~DTM*472*20250123~CAS*CO*45*77.57~SVC*HC:81001*29*20.07**1~DTM*472*20250123~CAS*CO*45*8.93~SVC*HC:93000*272*188.27**2~DTM*472*20250123~CAS*CO*45*83.73~SVC*HC:83036*112*77.52**2~DTM*472*20250123~CAS*CO*45*34.48~CLP*NTW01230095*1*140*101.31*12.85*CI*600593474873~NM1*QC*1*WILLIAMS*NOAH*T~NM1*82*1*THOMPSON*RACHEL*L***XX*1122334455~DTM*232*20250123~DTM*233*20250123~DTM*573*20250209~CAS*CO*45*25.84~CAS*PR*1*7.71*1*2*5.14*1~SVC*HC:99213*140*101.31**1~DTM*472*20250123~CAS*CO*45*38.69~CLP*NFF01240135*1*217*172.46*26.30*CI*600595473408~NM1*QC*1*FOSTER*NOAH*F~NM1*82*1*ABRAMS*DANIEL*T***XX*7788990011~DTM*232*20250124~DTM*233*20250124~DTM*573*20250209~CAS*CO*45*18.24~CAS*PR*1*15.78*1*2*10.52*1~SVC*HC:99213*143*113.65**1~DTM*472*20250124~CAS*CO*45*29.35~SVC*HC:80061*74*58.81**1~DTM*472*20250124~CAS*CO*45*15.19~CLP*MCN01240248*1*280*216.23*36.01*CI*600592408761~NM1*QC*1*NELSON*MATTHEW*C~NM1*82*1*GARCIA*MARCUS*D***XX*5566778899~DTM*232*20250124~DTM*233*20250124~DTM*573*20250209~CAS*CO*45*27.76~CAS*PR*1*21.61*1*2*14.40*1~SVC*HC:99490*65*50.20**1~DTM*472*20250124~CAS*CO*45*14.80~SVC*HC:96372*215*166.03**1~DTM*472*20250124~CAS*CO*45*48.97~SE*571*0013~GE*1*13~IEA*1*000000013~