ISA*00*          *00*          *ZZ*61101          *ZZ*1234567890     *250208*0000*^*00501*000000010*0*P*:~GS*HP*61101*1234567890*20250208*0000*10*X*005010X221A1~ST*835*0010*005010X221A1~BPR*I*4386.52*C*ACH*CCP*01*111000025*DA*9876543210*1234567890**01*111000025*DA*1234567890*20250208~TRN*1*EFT20250208010*1234567890~DTM*405*20250208~N1*PR*HUMANA*PI*61101~N3*PO BOX 14601~N4*LEXINGTON*KY*40512~N1*PE*NASHVILLE PRIMARY CARE PLLC*XX*1234567890~N3*100 MAIN STREET STE 200~N4*NASHVILLE*TN*37203~CLP*SNR01130154*4*403*0.00*0.00*HM*611092366240~NM1*QC*1*REYES*SUSAN*N~NM1*82*1*KIM*JENNY*S***XX*6677889900~DTM*232*20250113~DTM*233*20250113~DTM*573*20250208~CAS*CO*16*403.00~SVC*HC:99214*195*0.00**1~DTM*472*20250113~CAS*CO*16*195.00~SVC*HC:96127*30*0.00**1~DTM*472*20250113~CAS*CO*16*30.00~SVC*HC:90834*114*0.00**1~DTM*472*20250113~CAS*CO*16*114.00~SVC*HC:94060*52*0.00**1~DTM*472*20250113~CAS*CO*16*52.00~SVC*HC:99000*12*0.00**1~DTM*472*20250113~CAS*CO*16*12.00~CLP*BMF01130174*1*565*419.99*49.96*HM*611092762343~NM1*QC*1*FOSTER*BETTY*M~NM1*82*1*THOMPSON*RACHEL*L***XX*1122334455~DTM*232*20250113~DTM*233*20250113~DTM*573*20250208~CAS*CO*45*95.05~CAS*PR*1*29.98*1*2*19.98*1~SVC*HC:99395*202*150.16**1~DTM*472*20250113~CAS*CO*45*51.84~SVC*HC:71046*147*109.27**1~DTM*472*20250113~CAS*CO*45*37.73~SVC*HC:96372*216*160.56**1~DTM*472*20250113~CAS*CO*45*55.44~CLP*LSM01140077*1*515*410.75*37.30*HM*611098142094~NM1*QC*1*MITCHELL*LISA*S~NM1*82*1*KIM*JENNY*S***XX*6677889900~DTM*232*20250114~DTM*233*20250114~DTM*573*20250208~CAS*CO*45*66.95~CAS*PR*1*22.38*1*2*14.92*1~SVC*HC:99214*210*167.49**1~DTM*472*20250114~CAS*CO*45*42.51~SVC*HC:20610*105*83.75**1~DTM*472*20250114~CAS*CO*45*21.25~SVC*HC:80053*130*103.68**1~DTM*472*20250114~CAS*CO*45*26.32~SVC*HC:94010*43*34.30**1~DTM*472*20250114~CAS*CO*45*8.70~SVC*HC:36415*27*21.53**1~DTM*472*20250114~CAS*CO*45*5.47~CLP*CND01140179*1*327*249.02*43.11*HM*611092300308~NM1*QC*1*DIAZ*CHARLES*N~NM1*82*1*KIM*JENNY*S***XX*6677889900~DTM*232*20250114~DTM*233*20250114~DTM*573*20250208~CAS*CO*45*34.87~CAS*PR*1*25.87*1*2*17.24*1~SVC*HC:99214*177*134.79**1~DTM*472*20250114~CAS*CO*45*42.21~SVC*HC:71101*150*114.23**1~DTM*472*20250114~CAS*CO*45*35.77~CLP*SMR01140185*1*270*199.87*14.34*HM*611097302966~NM1*QC*1*ROBINSON*STEVEN*M~NM1*82*1*PATEL*ANISHA*K***XX*9876543210~DTM*232*20250114~DTM*233*20250114~DTM*573*20250208~CAS*CO*45*55.79~CAS*PR*1*8.60*1*2*5.74*1~SVC*HC:99213*157*116.22**1~DTM*472*20250114~CAS*CO*45*40.78~SVC*HC:83036*60*44.42**1~DTM*472*20250114~CAS*CO*45*15.58~SVC*HC:87070*53*39.23**1~DTM*472*20250114~CAS*CO*45*13.77~CLP*AEP01150133*1*334*271.17*29.79*HM*611093135445~NM1*QC*1*PRICE*ANDREW*E~NM1*82*1*THOMPSON*RACHEL*L***XX*1122334455~DTM*232*20250115~DTM*233*20250115~DTM*573*20250208~CAS*CO*45*33.04~CAS*PR*1*17.87*1*2*11.92*1~SVC*HC:99214*210*170.50**1~DTM*472*20250115~CAS*CO*45*39.50~SVC*HC:20610*124*100.67**1~DTM*472*20250115~CAS*CO*45*23.33~CLP*LNA01150210*1*323*246.36*16.88*HM*611091228581~NM1*QC*1*ALLEN*LINDA*N~NM1*82*1*PATEL*ANISHA*K***XX*9876543210~DTM*232*20250115~DTM*233*20250115~DTM*573*20250208~CAS*CO*45*59.76~CAS*PR*1*10.13*1*2*6.75*1~SVC*HC:99214*177*135.00**1~DTM*472*20250115~CAS*CO*45*42.00~SVC*HC:85027*100*76.27**2~DTM*472*20250115~CAS*CO*45*23.73~SVC*HC:85025*46*35.09**1~DTM*472*20250115~CAS*CO*45*10.91~CLP*CMH01150231*1*136*106.35*11.47*HM*611093719471~NM1*QC*1*HARRIS*CARLOS*M~NM1*82*1*ABRAMS*DANIEL*T***XX*7788990011~DTM*232*20250115~DTM*233*20250115~DTM*573*20250208~CAS*CO*45*18.18~CAS*PR*1*6.88*1*2*4.59*1~SVC*HC:99213*136*106.35**1~DTM*472*20250115~CAS*CO*45*29.65~CLP*RAM01160068*1*129*101.55*12.13*HM*611099723129~NM1*QC*1*MORALES*RUTH*A~NM1*82*1*PATEL*ANISHA*K***XX*9876543210~DTM*232*20250116~DTM*233*20250116~DTM*573*20250208~CAS*CO*45*15.32~CAS*PR*1*7.28*1*2*4.85*1~SVC*HC:99213*129*101.55**1~DTM*472*20250116~CAS*CO*45*27.45~CLP*CPG01160112*1*557*395.22*57.36*HM*611093038057~NM1*QC*1*GREEN*CHARLES*P~NM1*82*1*KIM*JENNY*S***XX*6677889900~DTM*232*20250116~DTM*233*20250116~DTM*573*20250208~CAS*CO*45*104.42~CAS*PR*1*34.42*1*2*22.94*1~SVC*HC:99395*216*153.26**1~DTM*472*20250116~CAS*CO*45*62.74~SVC*HC:99396*242*171.71**1~DTM*472*20250116~CAS*CO*45*70.29~SVC*HC:81003*44*31.22**2~DTM*472*20250116~CAS*CO*45*12.78~SVC*HC:83036*55*39.03**1~DTM*472*20250116~CAS*CO*45*15.97~CLP*DHA01170014*1*261*195.52*17.27*HM*611093788322~NM1*QC*1*ADAMS*DAVID*H~NM1*82*1*KIM*JENNY*S***XX*6677889900~DTM*232*20250117~DTM*233*20250117~DTM*573*20250208~CAS*CO*45*48.21~CAS*PR*1*10.36*1*2*6.91*1~SVC*HC:99215*261*195.52**1~DTM*472*20250117~CAS*CO*45*65.48~CLP*SRS01170137*4*388*0.00*0.00*HM*611094311279~NM1*QC*1*SULLIVAN*SOFIA*R~NM1*82*1*GARCIA*MARCUS*D***XX*5566778899~DTM*232*20250117~DTM*233*20250117~DTM*573*20250208~CAS*CO*16*388.00~SVC*HC:99396*262*0.00**1~DTM*472*20250117~CAS*CO*16*262.00~SVC*HC:87081*47*0.00**1~DTM*472*20250117~CAS*CO*16*47.00~SVC*HC:36415*26*0.00**1~DTM*472*20250117~CAS*CO*16*26.00~SVC*HC:87880*53*0.00**1~DTM*472*20250117~CAS*CO*16*53.00~CLP*EPC01210030*1*308*238.23*16.58*HM*611098341730~NM1*QC*1*CLARK*EMILY*P~NM1*82*1*ABRAMS*DANIEL*T***XX*7788990011~DTM*232*20250121~DTM*233*20250121~DTM*573*20250208~CAS*CO*45*53.19~CAS*PR*1*9.95*1*2*6.63*1~SVC*HC:99213*150*116.02**1~DTM*472*20250121~CAS*CO*45*33.98~SVC*HC:80061*158*122.21**2~DTM*472*20250121~CAS*CO*45*35.79~CLP*WEM01210118*1*61*44.97*5.36*HM*611092906975~NM1*QC*1*MITCHELL*WILLIAM*E~NM1*82*1*KIM*JENNY*S***XX*6677889900~DTM*232*20250121~DTM*233*20250121~DTM*573*20250208~CAS*CO*45*10.67~CAS*PR*1*3.22*1*2*2.14*1~SVC*HC:96127*34*25.07**1~DTM*472*20250121~CAS*CO*45*8.93~SVC*HC:81003*27*19.90**1~DTM*472*20250121~CAS*CO*45*7.10~CLP*LET01210172*1*504*400.48*21.33*HM*611091655350~NM1*QC*1*TURNER*LISA*E~NM1*82*1*THOMPSON*RACHEL*L***XX*1122334455~DTM*232*20250121~DTM*233*20250121~DTM*573*20250208~CAS*CO*45*82.19~CAS*PR*1*12.80*1*2*8.53*1~SVC*HC:99214*181*143.82**1~DTM*472*20250121~CAS*CO*45*37.18~SVC*HC:20610*138*109.66**1~DTM*472*20250121~CAS*CO*45*28.34~SVC*HC:80069*83*65.95**1~DTM*472*20250121~CAS*CO*45*17.05~SVC*HC:94010*102*81.05**2~DTM*472*20250121~CAS*CO*45*20.95~CLP*AFJ01210216*22*240*157.71*24.68*HM*611098116596~NM1*QC*1*JONES*ANTHONY*F~NM1*82*1*KIM*JENNY*S***XX*6677889900~DTM*232*20250121~DTM*233*20250121~DTM*573*20250208~CAS*CO*45*23.04~CAS*OA*23*34.57~CAS*PR*2*24.68~SVC*HC:99214*205*134.71**1~DTM*472*20250121~CAS*CO*45*70.29~SVC*HC:87880*35*23.00**1~DTM*472*20250121~CAS*CO*45*12.00~CLP*JTP01220103*1*221*173.87*15.39*HM*611099307817~NM1*QC*1*PARKER*JENNIFER*T~NM1*82*1*GARCIA*MARCUS*D***XX*5566778899~DTM*232*20250122~DTM*233*20250122~DTM*573*20250208~CAS*CO*45*31.74~CAS*PR*1*9.23*1*2*6.16*1~SVC*HC:73610*181*142.40**1~DTM*472*20250122~CAS*CO*45*38.60~SVC*HC:87081*40*31.47**1~DTM*472*20250122~CAS*CO*45*8.53~CLP*CCC01220238*1*317*253.50*22.70*HM*611093864241~NM1*QC*1*CARTER*CHRISTOPHER*C~NM1*82*1*PATEL*ANISHA*K***XX*9876543210~DTM*232*20250122~DTM*233*20250122~DTM*573*20250208~CAS*CO*45*40.80~CAS*PR*1*13.62*1*2*9.08*1~SVC*HC:99396*256*204.72**1~DTM*472*20250122~CAS*CO*45*51.28~SVC*HC:83036*61*48.78**1~DTM*472*20250122~CAS*CO*45*12.22~CLP*TFL01230048*1*397*313.65*35.41*HM*611099801144~NM1*QC*1*LEWIS*THOMAS*F~NM1*82*1*KIM*JENNY*S***XX*6677889900~DTM*232*20250123~DTM*233*20250123~DTM*573*20250208~CAS*CO*45*47.94~CAS*PR*1*21.25*1*2*14.16*1~SVC*HC:99214*198*156.43**1~DTM*472*20250123~CAS*CO*45*41.57~SVC*HC:96127*32*25.28**1~DTM*472*20250123~CAS*CO*45*6.72~SVC*HC:90834*98*77.42**1~DTM*472*20250123~CAS*CO*45*20.58~SVC*HC:80048*69*54.51**1~DTM*472*20250123~CAS*CO*45*14.49~CLP*DFB01240170*1*272*208.31*36.55*HM*611099173748~NM1*QC*1*BROOKS*DONALD*F~NM1*82*1*ABRAMS*DANIEL*T***XX*7788990011~DTM*232*20250124~DTM*233*20250124~DTM*573*20250208~CAS*CO*45*27.14~CAS*PR*1*21.93*1*2*14.62*1~SVC*HC:99215*272*208.31**1~DTM*472*20250124~CAS*CO*45*63.69~SE*328*0010~GE*1*10~IEA*1*000000010~