ISA*00*          *00*          *ZZ*62308          *ZZ*1234567890     *250208*0000*^*00501*000000006*0*P*:~GS*HP*62308*1234567890*20250208*0000*6*X*005010X221A1~ST*835*0006*005010X221A1~BPR*I*18652.95*C*ACH*CCP*01*111000025*DA*9876543210*1234567890**01*111000025*DA*1234567890*20250208~TRN*1*EFT20250208006*1234567890~DTM*405*20250208~N1*PR*BCBS OF TENNESSEE*PI*62308~N3*PO BOX 190095~N4*NASHVILLE*TN*37219~N1*PE*NASHVILLE PRIMARY CARE PLLC*XX*1234567890~N3*100 MAIN STREET STE 200~N4*NASHVILLE*TN*37203~CLP*EPG01130009*1*500*379.68*63.73*BL*623099729789~NM1*QC*1*GREEN*EMMA*P~NM1*82*1*THOMPSON*RACHEL*L***XX*1122334455~DTM*232*20250113~DTM*233*20250113~DTM*573*20250208~CAS*CO*45*56.59~CAS*PR*1*38.24*1*2*25.49*1~SVC*HC:73610*167*126.81**1~DTM*472*20250113~CAS*CO*45*40.19~SVC*HC:80048*77*58.47**1~DTM*472*20250113~CAS*CO*45*18.53~SVC*HC:96372*223*169.34**1~DTM*472*20250113~CAS*CO*45*53.66~SVC*HC:81001*33*25.06**1~DTM*472*20250113~CAS*CO*45*7.94~CLP*DBC01130049*1*151*119.83*17.19*BL*623098399044~NM1*QC*1*CARTER*DONNA*B~NM1*82*1*THOMPSON*RACHEL*L***XX*1122334455~DTM*232*20250113~DTM*233*20250113~DTM*573*20250208~CAS*CO*45*13.98~CAS*PR*1*10.31*1*2*6.88*1~SVC*HC:99213*134*106.34**1~DTM*472*20250113~CAS*CO*45*27.66~SVC*HC:99000*17*13.49**1~DTM*472*20250113~CAS*CO*45*3.51~CLP*CLM01130160*1*128*91.81*14.06*BL*623096317360~NM1*QC*1*MORALES*CHLOE*L~NM1*82*1*KIM*JENNY*S***XX*6677889900~DTM*232*20250113~DTM*233*20250113~DTM*573*20250208~CAS*CO*45*22.13~CAS*PR*1*8.44*1*2*5.62*1~SVC*HC:99213*128*91.81**1~DTM*472*20250113~CAS*CO*45*36.19~CLP*CSJ01130165*1*653*466.50*66.84*BL*623095516136~NM1*QC*1*JACKSON*CARLOS*S~NM1*82*1*GARCIA*MARCUS*D***XX*5566778899~DTM*232*20250113~DTM*233*20250113~DTM*573*20250208~CAS*CO*45*119.66~CAS*PR*1*40.10*1*2*26.74*1~SVC*HC:99214*198*141.45**1~DTM*472*20250113~CAS*CO*45*56.55~SVC*HC:73610*161*115.02**1~DTM*472*20250113~CAS*CO*45*45.98~SVC*HC:80053*242*172.88**2~DTM*472*20250113~CAS*CO*45*69.12~SVC*HC:87070*52*37.15**1~DTM*472*20250113~CAS*CO*45*14.85~CLP*LCT01130176*1*216*165.80*9.23*BL*623094271952~NM1*QC*1*TAYLOR*LISA*C~NM1*82*1*ABRAMS*DANIEL*T***XX*7788990011~DTM*232*20250113~DTM*233*20250113~DTM*573*20250208~CAS*CO*45*40.97~CAS*PR*1*5.54*1*2*3.69*1~SVC*HC:99214*216*165.80**1~DTM*472*20250113~CAS*CO*45*50.20~CLP*SNO01130233*1*590*461.81*58.34*BL*623095916819~NM1*QC*1*OKAFOR*STEVEN*N~NM1*82*1*GARCIA*MARCUS*D***XX*5566778899~DTM*232*20250113~DTM*233*20250113~DTM*573*20250208~CAS*CO*45*69.85~CAS*PR*1*35.00*1*2*23.34*1~SVC*HC:99395*190*148.72**1~DTM*472*20250113~CAS*CO*45*41.28~SVC*HC:99396*219*171.42**1~DTM*472*20250113~CAS*CO*45*47.58~SVC*HC:96372*181*141.67**1~DTM*472*20250113~CAS*CO*45*39.33~CLP*JGH01140087*1*302*237.25*34.91*BL*623095094127~NM1*QC*1*HILL*JOSEPH*G~NM1*82*1*KIM*JENNY*S***XX*6677889900~DTM*232*20250114~DTM*233*20250114~DTM*573*20250208~CAS*CO*45*29.84~CAS*PR*1*20.95*1*2*13.96*1~SVC*HC:99213*147*115.48**1~DTM*472*20250114~CAS*CO*45*31.52~SVC*HC:71046*155*121.77**1~DTM*472*20250114~CAS*CO*45*33.23~CLP*WCN01140195*1*436*347.07*49.69*BL*623096514410~NM1*QC*1*NGUYEN*WILLIAM*C~NM1*82*1*THOMPSON*RACHEL*L***XX*1122334455~DTM*232*20250114~DTM*233*20250114~DTM*573*20250208~CAS*CO*45*39.24~CAS*PR*1*29.81*1*2*19.88*1~SVC*HC:99214*199*158.41**1~DTM*472*20250114~CAS*CO*45*40.59~SVC*HC:73610*171*136.12**1~DTM*472*20250114~CAS*CO*45*34.88~SVC*HC:81003*28*22.29**1~DTM*472*20250114~CAS*CO*45*5.71~SVC*HC:85027*38*30.25**1~DTM*472*20250114~CAS*CO*45*7.75~CLP*SPL01150039*1*425*339.56*39.98*BL*623095078093~NM1*QC*1*LEWIS*SANDRA*P~NM1*82*1*KIM*JENNY*S***XX*6677889900~DTM*232*20250115~DTM*233*20250115~DTM*573*20250208~CAS*CO*45*45.46~CAS*PR*1*23.99*1*2*15.99*1~SVC*HC:99215*303*242.09**1~DTM*472*20250115~CAS*CO*45*60.91~SVC*HC:87070*122*97.47**2~DTM*472*20250115~CAS*CO*45*24.53~CLP*AJW01150053*1*368*287.96*48.15*BL*623097072764~NM1*QC*1*WRIGHT*ANDREW*J~NM1*82*1*PATEL*ANISHA*K***XX*9876543210~DTM*232*20250115~DTM*233*20250115~DTM*573*20250208~CAS*CO*45*31.89~CAS*PR*1*28.89*1*2*19.26*1~SVC*HC:99213*128*100.16**1~DTM*472*20250115~CAS*CO*45*27.84~SVC*HC:94010*52*40.69**1~DTM*472*20250115~CAS*CO*45*11.31~SVC*HC:85025*106*82.94**2~DTM*472*20250115~CAS*CO*45*23.06~SVC*HC:80048*82*64.16**1~DTM*472*20250115~CAS*CO*45*17.84~CLP*NKM01150063*1*370*258.24*45.25*BL*623094873703~NM1*QC*1*MITCHELL*NOAH*K~NM1*82*1*PATEL*ANISHA*K***XX*9876543210~DTM*232*20250115~DTM*233*20250115~DTM*573*20250208~CAS*CO*45*66.51~CAS*PR*1*27.15*1*2*18.10*1~SVC*HC:99214*175*122.14**1~DTM*472*20250115~CAS*CO*45*52.86~SVC*HC:85025*86*60.02**2~DTM*472*20250115~CAS*CO*45*25.98~SVC*HC:80053*109*76.08**1~DTM*472*20250115~CAS*CO*45*32.92~CLP*SFW01150081*22*303*184.96*24.14*BL*623098647410~NM1*QC*1*WHITE*SARAH*F~NM1*82*1*ABRAMS*DANIEL*T***XX*7788990011~DTM*232*20250115~DTM*233*20250115~DTM*573*20250208~CAS*CO*45*37.56~CAS*OA*23*56.34~CAS*PR*2*24.14~SVC*HC:99213*146*89.12**1~DTM*472*20250115~CAS*CO*45*56.88~SVC*HC:87880*100*61.04**2~DTM*472*20250115~CAS*CO*45*38.96~SVC*HC:87070*57*34.79**1~DTM*472*20250115~CAS*CO*45*22.21~CLP*BLH01150110*1*341*249.62*24.12*BL*623096281742~NM1*QC*1*HILL*BRIAN*L~NM1*82*1*KIM*JENNY*S***XX*6677889900~DTM*232*20250115~DTM*233*20250115~DTM*573*20250208~CAS*CO*45*67.26~CAS*PR*1*14.47*1*2*9.65*1~SVC*HC:99214*199*145.67**1~DTM*472*20250115~CAS*CO*45*53.33~SVC*HC:93000*142*103.95**1~DTM*472*20250115~CAS*CO*45*38.05~CLP*SNW01150121*4*223*0.00*0.00*BL*623092936374~NM1*QC*1*WRIGHT*SOFIA*N~NM1*82*1*KIM*JENNY*S***XX*6677889900~DTM*232*20250115~DTM*233*20250115~DTM*573*20250208~CAS*CO*18*223.00~SVC*HC:99395*223*0.00**1~DTM*472*20250115~CAS*CO*18*223.00~CLP*REM01150145*1*607*460.34*76.48*BL*623095044088~NM1*QC*1*MORALES*ROBERT*E~NM1*82*1*GARCIA*MARCUS*D***XX*5566778899~DTM*232*20250115~DTM*233*20250115~DTM*573*20250208~CAS*CO*45*70.18~CAS*PR*1*45.89*1*2*30.59*1~SVC*HC:99215*321*243.44**1~DTM*472*20250115~CAS*CO*45*77.56~SVC*HC:80053*130*98.59**1~DTM*472*20250115~CAS*CO*45*31.41~SVC*HC:87070*58*43.99**1~DTM*472*20250115~CAS*CO*45*14.01~SVC*HC:85027*98*74.32**2~DTM*472*20250115~CAS*CO*45*23.68~CLP*MHJ01150169*1*430*325.65*17.69*BL*623098465986~NM1*QC*1*JACKSON*MARIA*H~NM1*82*1*THOMPSON*RACHEL*L***XX*1122334455~DTM*232*20250115~DTM*233*20250115~DTM*573*20250208~CAS*CO*45*86.66~CAS*PR*1*10.61*1*2*7.08*1~SVC*HC:99213*160*121.17**1~DTM*472*20250115~CAS*CO*45*38.83~SVC*HC:80053*270*204.48**2~DTM*472*20250115~CAS*CO*45*65.52~CLP*SMM01150183*2*545*375.98*63.53*BL*623097877413~NM1*QC*1*MITCHELL*SANDRA*M~NM1*82*1*ABRAMS*DANIEL*T***XX*7788990011~DTM*232*20250115~DTM*233*20250115~DTM*573*20250208~CAS*CO*45*42.20~CAS*OA*23*63.29~CAS*PR*2*63.53~SVC*HC:99214*192*132.46**1~DTM*472*20250115~CAS*CO*45*59.54~SVC*HC:20610*133*91.75**1~DTM*472*20250115~CAS*CO*45*41.25~SVC*HC:80069*73*50.36**1~DTM*472*20250115~CAS*CO*45*22.64~SVC*HC:71046*147*101.41**1~DTM*472*20250115~CAS*CO*45*45.59~CLP*KEE01150223*1*440*353.28*51.45*BL*623097071358~NM1*QC*1*EDWARDS*KAREN*E~NM1*82*1*ABRAMS*DANIEL*T***XX*7788990011~DTM*232*20250115~DTM*233*20250115~DTM*573*20250208~CAS*CO*45*35.27~CAS*PR*1*30.87*1*2*20.58*1~SVC*HC:99395*205*164.60**1~DTM*472*20250115~CAS*CO*45*40.40~SVC*HC:99396*235*188.68**1~DTM*472*20250115~CAS*CO*45*46.32~CLP*JMB01150226*1*584*428.33*51.38*BL*623092336977~NM1*QC*1*BROWN*JENNIFER*M~NM1*82*1*GARCIA*MARCUS*D***XX*5566778899~DTM*232*20250115~DTM*233*20250115~DTM*573*20250208~CAS*CO*45*104.29~CAS*PR*1*30.83*1*2*20.55*1~SVC*HC:99214*176*129.09**1~DTM*472*20250115~CAS*CO*45*46.91~SVC*HC:20610*145*106.35**1~DTM*472*20250115~CAS*CO*45*38.65~SVC*HC:85027*64*46.94**2~DTM*472*20250115~CAS*CO*45*17.06~SVC*HC:81003*27*19.80**1~DTM*472*20250115~CAS*CO*45*7.20~SVC*HC:80069*172*126.15**2~DTM*472*20250115~CAS*CO*45*45.85~CLP*DAS01160065*1*234*169.55*14.23*BL*623096905321~NM1*QC*1*SULLIVAN*DONALD*A~NM1*82*1*ABRAMS*DANIEL*T***XX*7788990011~DTM*232*20250116~DTM*233*20250116~DTM*573*20250208~CAS*CO*45*50.22~CAS*PR*1*8.54*1*2*5.69*1~SVC*HC:99214*196*142.02**1~DTM*472*20250116~CAS*CO*45*53.98~SVC*HC:87081*38*27.53**1~DTM*472*20250116~CAS*CO*45*10.47~CLP*KGO01160092*1*440*332.75*27.00*BL*623099483289~NM1*QC*1*OKAFOR*KEVIN*G~NM1*82*1*PATEL*ANISHA*K***XX*9876543210~DTM*232*20250116~DTM*233*20250116~DTM*573*20250208~CAS*CO*45*80.25~CAS*PR*1*16.20*1*2*10.80*1~SVC*HC:99214*179*135.37**1~DTM*472*20250116~CAS*CO*45*43.63~SVC*HC:81001*32*24.20**1~DTM*472*20250116~CAS*CO*45*7.80~SVC*HC:96372*181*136.88**1~DTM*472*20250116~CAS*CO*45*44.12~SVC*HC:85025*48*36.30**1~DTM*472*20250116~CAS*CO*45*11.70~CLP*ART01160191*1*197*149.84*21.83*BL*623092282513~NM1*QC*1*TORRES*ANNA*R~NM1*82*1*PATEL*ANISHA*K***XX*9876543210~DTM*232*20250116~DTM*233*20250116~DTM*573*20250208~CAS*CO*45*25.33~CAS*PR*1*13.10*1*2*8.73*1~SVC*HC:99214*197*149.84**1~DTM*472*20250116~CAS*CO*45*47.16~CLP*TDC01160213*1*524*376.58*33.05*BL*623097078334~NM1*QC*1*CAMPBELL*THANH*D~NM1*82*1*THOMPSON*RACHEL*L***XX*1122334455~DTM*232*20250116~DTM*233*20250116~DTM*573*20250208~CAS*CO*45*114.37~CAS*PR*1*19.83*1*2*13.22*1~SVC*HC:99395*221*158.82**1~DTM*472*20250116~CAS*CO*45*62.18~SVC*HC:99396*235*168.89**1~DTM*472*20250116~CAS*CO*45*66.11~SVC*HC:81003*24*17.25**1~DTM*472*20250116~CAS*CO*45*6.75~SVC*HC:87070*44*31.62**1~DTM*472*20250116~CAS*CO*45*12.38~CLP*SVM01160215*1*403*304.64*46.98*BL*623099122764~NM1*QC*1*MARTINEZ*SUSAN*V~NM1*82*1*ABRAMS*DANIEL*T***XX*7788990011~DTM*232*20250116~DTM*233*20250116~DTM*573*20250208~CAS*CO*45*51.38~CAS*PR*1*28.19*1*2*18.79*1~SVC*HC:99214*222*167.82**1~DTM*472*20250116~CAS*CO*45*54.18~SVC*HC:71101*181*136.82**1~DTM*472*20250116~CAS*CO*45*44.18~CLP*BKA01160232*1*236*192.06*20.02*BL*623094864628~NM1*QC*1*ADAMS*BETTY*K~NM1*82*1*GARCIA*MARCUS*D***XX*5566778899~DTM*232*20250116~DTM*233*20250116~DTM*573*20250208~CAS*CO*45*23.92~CAS*PR*1*12.01*1*2*8.01*1~SVC*HC:99213*141*114.75**1~DTM*472*20250116~CAS*CO*45*26.25~SVC*HC:87070*41*33.37**1~DTM*472*20250116~CAS*CO*45*7.63~SVC*HC:83036*54*43.95**1~DTM*472*20250116~CAS*CO*45*10.05~CLP*LRP01170015*1*332*246.54*13.22*BL*623098532433~NM1*QC*1*PARKER*LINDA*R~NM1*82*1*GARCIA*MARCUS*D***XX*5566778899~DTM*232*20250117~DTM*233*20250117~DTM*573*20250208~CAS*CO*45*72.24~CAS*PR*1*7.93*1*2*5.29*1~SVC*HC:99214*199*147.78**1~DTM*472*20250117~CAS*CO*45*51.22~SVC*HC:80069*67*49.75**1~DTM*472*20250117~CAS*CO*45*17.25~SVC*HC:80048*66*49.01**1~DTM*472*20250117~CAS*CO*45*16.99~CLP*HPH01170041*2*398*183.52*29.89*BL*623098027140~NM1*QC*1*HILL*HARPER*P~NM1*82*1*GARCIA*MARCUS*D***XX*5566778899~DTM*232*20250117~DTM*233*20250117~DTM*573*20250208~CAS*CO*45*73.84~CAS*OA*23*110.75~CAS*PR*2*29.89~SVC*HC:99214*217*100.06**1~DTM*472*20250117~CAS*CO*45*116.94~SVC*HC:93000*158*72.85**1~DTM*472*20250117~CAS*CO*45*85.15~SVC*HC:81003*23*10.61**1~DTM*472*20250117~CAS*CO*45*12.39~CLP*GSE01170044*1*350*261.39*31.63*BL*623094854788~NM1*QC*1*EVANS*GEORGE*S~NM1*82*1*GARCIA*MARCUS*D***XX*5566778899~DTM*232*20250117~DTM*233*20250117~DTM*573*20250208~CAS*CO*45*56.98~CAS*PR*1*18.98*1*2*12.65*1~SVC*HC:99215*312*233.01**1~DTM*472*20250117~CAS*CO*45*78.99~SVC*HC:87081*38*28.38**1~DTM*472*20250117~CAS*CO*45*9.62~CLP*RNH01170046*1*368*250.47*40.67*BL*623093101870~NM1*QC*1*HILL*ROBERT*N~NM1*82*1*GARCIA*MARCUS*D***XX*5566778899~DTM*232*20250117~DTM*233*20250117~DTM*573*20250208~CAS*CO*45*76.86~CAS*PR*1*24.40*1*2*16.27*1~SVC*HC:99396*219*149.06**1~DTM*472*20250117~CAS*CO*45*69.94~SVC*HC:93000*149*101.41**1~DTM*472*20250117~CAS*CO*45*47.59~CLP*ACM01170086*1*474*347.26*59.05*BL*623095109477~NM1*QC*1*MOORE*AMELIA*C~NM1*82*1*KIM*JENNY*S***XX*6677889900~DTM*232*20250117~DTM*233*20250117~DTM*573*20250208~CAS*CO*45*67.69~CAS*PR*1*35.43*1*2*23.62*1~SVC*HC:99213*152*111.36**1~DTM*472*20250117~CAS*CO*45*40.64~SVC*HC:94060*65*47.62**1~DTM*472*20250117~CAS*CO*45*17.38~SVC*HC:80069*84*61.54**1~DTM*472*20250117~CAS*CO*45*22.46~SVC*HC:71101*173*126.74**1~DTM*472*20250117~CAS*CO*45*46.26~CLP*BPW01170097*1*790*614.51*50.40*BL*623097838685~NM1*QC*1*WILSON*BRIAN*P~NM1*82*1*ABRAMS*DANIEL*T***XX*7788990011~DTM*232*20250117~DTM*233*20250117~DTM*573*20250208~CAS*CO*45*125.09~CAS*PR*1*30.24*1*2*20.16*1~SVC*HC:99213*164*127.57**1~DTM*472*20250117~CAS*CO*45*36.43~SVC*HC:93000*260*202.24**2~DTM*472*20250117~CAS*CO*45*57.76~SVC*HC:71101*366*284.70**2~DTM*472*20250117~CAS*CO*45*81.30~CLP*DPC01170198*4*239*0.00*0.00*BL*623093317607~NM1*QC*1*COLLINS*DAVID*P~NM1*82*1*THOMPSON*RACHEL*L***XX*1122334455~DTM*232*20250117~DTM*233*20250117~DTM*573*20250208~CAS*CO*50*239.00~SVC*HC:99213*150*0.00**1~DTM*472*20250117~CAS*CO*50*150.00~SVC*HC:83036*47*0.00**1~DTM*472*20250117~CAS*CO*50*47.00~SVC*HC:85025*42*0.00**1~DTM*472*20250117~CAS*CO*50*42.00~CLP*MFN01170245*1*391*321.61*26.44*BL*623095366756~NM1*QC*1*NELSON*MARIA*F~NM1*82*1*KIM*JENNY*S***XX*6677889900~DTM*232*20250117~DTM*233*20250117~DTM*573*20250208~CAS*CO*45*42.95~CAS*PR*1*15.86*1*2*10.58*1~SVC*HC:99490*80*65.80**1~DTM*472*20250117~CAS*CO*45*14.20~SVC*HC:80048*82*67.45**1~DTM*472*20250117~CAS*CO*45*14.55~SVC*HC:96372*201*165.33**1~DTM*472*20250117~CAS*CO*45*35.67~SVC*HC:36415*28*23.03**1~DTM*472*20250117~CAS*CO*45*4.97~CLP*MSM01200045*1*744*585.91*45.96*BL*623095813134~NM1*QC*1*MITCHELL*MATTHEW*S~NM1*82*1*THOMPSON*RACHEL*L***XX*1122334455~DTM*232*20250120~DTM*233*20250120~DTM*573*20250208~CAS*CO*45*112.13~CAS*PR*1*27.58*1*2*18.38*1~SVC*HC:99395*222*174.83**1~DTM*472*20250120~CAS*CO*45*47.17~SVC*HC:99396*263*207.12**1~DTM*472*20250120~CAS*CO*45*55.88~SVC*HC:99000*17*13.39**1~DTM*472*20250120~CAS*CO*45*3.61~SVC*HC:85025*84*66.15**2~DTM*472*20250120~CAS*CO*45*17.85~SVC*HC:80069*158*124.43**2~DTM*472*20250120~CAS*CO*45*33.57~CLP*THS01200054*1*200*138.83*22.06*BL*623096730623~NM1*QC*1*SMITH*THOMAS*H~NM1*82*1*KIM*JENNY*S***XX*6677889900~DTM*232*20250120~DTM*233*20250120~DTM*573*20250208~CAS*CO*45*39.11~CAS*PR*1*13.24*1*2*8.82*1~SVC*HC:99213*126*87.46**1~DTM*472*20250120~CAS*CO*45*38.54~SVC*HC:80069*74*51.37**1~DTM*472*20250120~CAS*CO*45*22.63~CLP*RMH01200193*1*259*209.27*16.54*BL*623096265434~NM1*QC*1*HILL*RUTH*M~NM1*82*1*THOMPSON*RACHEL*L***XX*1122334455~DTM*232*20250120~DTM*233*20250120~DTM*573*20250208~CAS*CO*45*33.19~CAS*PR*1*9.92*1*2*6.62*1~SVC*HC:99213*132*106.65**1~DTM*472*20250120~CAS*CO*45*25.35~SVC*HC:94010*96*77.57**2~DTM*472*20250120~CAS*CO*45*18.43~SVC*HC:36415*31*25.05**1~DTM*472*20250120~CAS*CO*45*5.95~CLP*BAF01200240*1*252*204.62*15.03*BL*623092979107~NM1*QC*1*FOSTER*BARBARA*A~NM1*82*1*ABRAMS*DANIEL*T***XX*7788990011~DTM*232*20250120~DTM*233*20250120~DTM*573*20250208~CAS*CO*45*32.35~CAS*PR*1*9.02*1*2*6.01*1~SVC*HC:99214*193*156.71**1~DTM*472*20250120~CAS*CO*45*36.29~SVC*HC:87070*59*47.91**1~DTM*472*20250120~CAS*CO*45*11.09~CLP*CSC01210033*1*211*162.67*16.88*BL*623092367443~NM1*QC*1*COLLINS*CHRISTOPHER*S~NM1*82*1*PATEL*ANISHA*K***XX*9876543210~DTM*232*20250121~DTM*233*20250121~DTM*573*20250208~CAS*CO*45*31.45~CAS*PR*1*10.13*1*2*6.75*1~SVC*HC:99214*211*162.67**1~DTM*472*20250121~CAS*CO*45*48.33~CLP*HHT01210131*2*206*112.31*18.28*BL*623097853539~NM1*QC*1*TURNER*HARPER*H~NM1*82*1*THOMPSON*RACHEL*L***XX*1122334455~DTM*232*20250121~DTM*233*20250121~DTM*573*20250208~CAS*CO*45*30.16~CAS*OA*23*45.25~CAS*PR*2*18.28~SVC*HC:99214*206*112.31**1~DTM*472*20250121~CAS*CO*45*93.69~CLP*MCJ01210139*1*660*457.21*63.21*BL*623098063586~NM1*QC*1*JONES*MICHAEL*C~NM1*82*1*THOMPSON*RACHEL*L***XX*1122334455~DTM*232*20250121~DTM*233*20250121~DTM*573*20250208~CAS*CO*45*139.58~CAS*PR*1*37.93*1*2*25.28*1~SVC*HC:99214*224*155.17**1~DTM*472*20250121~CAS*CO*45*68.83~SVC*HC:71101*178*123.31**1~DTM*472*20250121~CAS*CO*45*54.69~SVC*HC:87081*44*30.48**1~DTM*472*20250121~CAS*CO*45*13.52~SVC*HC:80061*75*51.96**1~DTM*472*20250121~CAS*CO*45*23.04~SVC*HC:80053*139*96.29**1~DTM*472*20250121~CAS*CO*45*42.71~CLP*AMR01210189*1*331*249.72*20.46*BL*623099472929~NM1*QC*1*RAMIREZ*ANTHONY*M~NM1*82*1*ABRAMS*DANIEL*T***XX*7788990011~DTM*232*20250121~DTM*233*20250121~DTM*573*20250208~CAS*CO*45*60.82~CAS*PR*1*12.28*1*2*8.18*1~SVC*HC:99213*133*100.34**1~DTM*472*20250121~CAS*CO*45*32.66~SVC*HC:80069*65*49.04**1~DTM*472*20250121~CAS*CO*45*15.96~SVC*HC:80053*133*100.34**1~DTM*472*20250121~CAS*CO*45*32.66~CLP*SSN01210225*1*426*322.14*50.60*BL*623093489714~NM1*QC*1*NELSON*SUSAN*S~NM1*82*1*THOMPSON*RACHEL*L***XX*1122334455~DTM*232*20250121~DTM*233*20250121~DTM*573*20250208~CAS*CO*45*53.26~CAS*PR*1*30.36*1*2*20.24*1~SVC*HC:99395*202*152.75**1~DTM*472*20250121~CAS*CO*45*49.25~SVC*HC:99396*224*169.39**1~DTM*472*20250121~CAS*CO*45*54.61~CLP*SSN01210237*1*136*99.07*13.74*BL*623099291304~NM1*QC*1*NELSON*SANDRA*S~NM1*82*1*ABRAMS*DANIEL*T***XX*7788990011~DTM*232*20250121~DTM*233*20250121~DTM*573*20250208~CAS*CO*45*23.19~CAS*PR*1*8.24*1*2*5.50*1~SVC*HC:99213*136*99.07**1~DTM*472*20250121~CAS*CO*45*36.93~CLP*SVH01210242*1*255*201.62*18.72*BL*623094323637~NM1*QC*1*HILL*SARAH*V~NM1*82*1*PATEL*ANISHA*K***XX*9876543210~DTM*232*20250121~DTM*233*20250121~DTM*573*20250208~CAS*CO*45*34.66~CAS*PR*1*11.23*1*2*7.49*1~SVC*HC:99213*130*102.79**1~DTM*472*20250121~CAS*CO*45*27.21~SVC*HC:87070*41*32.42**1~DTM*472*20250121~CAS*CO*45*8.58~SVC*HC:80061*84*66.42**1~DTM*472*20250121~CAS*CO*45*17.58~CLP*OPA01220003*1*182*130.35*13.58*BL*623094018484~NM1*QC*1*ADAMS*OLIVIA*P~NM1*82*1*ABRAMS*DANIEL*T***XX*7788990011~DTM*232*20250122~DTM*233*20250122~DTM*573*20250208~CAS*CO*45*38.07~CAS*PR*1*8.15*1*2*5.43*1~SVC*HC:99213*152*108.86**1~DTM*472*20250122~CAS*CO*45*43.14~SVC*HC:81001*30*21.49**1~DTM*472*20250122~CAS*CO*45*8.51~CLP*LFR01220073*1*477*376.25*29.94*BL*623098618016~NM1*QC*1*ROBERTS*LINDA*F~NM1*82*1*ABRAMS*DANIEL*T***XX*7788990011~DTM*232*20250122~DTM*233*20250122~DTM*573*20250208~CAS*CO*45*70.81~CAS*PR*1*17.96*1*2*11.98*1~SVC*HC:99215*268*211.39**1~DTM*472*20250122~CAS*CO*45*56.61~SVC*HC:83036*64*50.48**1~DTM*472*20250122~CAS*CO*45*13.52~SVC*HC:94010*40*31.55**1~DTM*472*20250122~CAS*CO*45*8.45~SVC*HC:80048*69*54.43**1~DTM*472*20250122~CAS*CO*45*14.57~SVC*HC:85025*36*28.40**1~DTM*472*20250122~CAS*CO*45*7.60~CLP*CET01220106*1*210*158.27*15.11*BL*623091260252~NM1*QC*1*TAYLOR*CARLOS*E~NM1*82*1*ABRAMS*DANIEL*T***XX*7788990011~DTM*232*20250122~DTM*233*20250122~DTM*573*20250208~CAS*CO*45*36.62~CAS*PR*1*9.07*1*2*6.04*1~SVC*HC:99214*210*158.27**1~DTM*472*20250122~CAS*CO*45*51.73~CLP*DPK01220115*1*302*245.58*24.76*BL*623093797952~NM1*QC*1*KING*DANIEL*P~NM1*82*1*GARCIA*MARCUS*D***XX*5566778899~DTM*232*20250122~DTM*233*20250122~DTM*573*20250208~CAS*CO*45*31.66~CAS*PR*1*14.86*1*2*9.90*1~SVC*HC:99215*264*214.68**1~DTM*472*20250122~CAS*CO*45*49.32~SVC*HC:87880*38*30.90**1~DTM*472*20250122~CAS*CO*45*7.10~CLP*HPO01220158*1*359*269.31*42.97*BL*623093026500~NM1*QC*1*OKAFOR*HARPER*P~NM1*82*1*GARCIA*MARCUS*D***XX*5566778899~DTM*232*20250122~DTM*233*20250122~DTM*573*20250208~CAS*CO*45*46.72~CAS*PR*1*25.78*1*2*17.19*1~SVC*HC:99214*212*159.04**1~DTM*472*20250122~CAS*CO*45*52.96~SVC*HC:20610*147*110.27**1~DTM*472*20250122~CAS*CO*45*36.73~CLP*JFC01220184*1*607*445.48*40.14*BL*623098023372~NM1*QC*1*CLARK*JESSICA*F~NM1*82*1*GARCIA*MARCUS*D***XX*5566778899~DTM*232*20250122~DTM*233*20250122~DTM*573*20250208~CAS*CO*45*121.38~CAS*PR*1*24.08*1*2*16.06*1~SVC*HC:99215*252*184.94**1~DTM*472*20250122~CAS*CO*45*67.06~SVC*HC:85025*49*35.96**1~DTM*472*20250122~CAS*CO*45*13.04~SVC*HC:96372*224*164.39**1~DTM*472*20250122~CAS*CO*45*59.61~SVC*HC:94010*82*60.18**2~DTM*472*20250122~CAS*CO*45*21.82~CLP*ADS01220243*1*298*243.17*22.15*BL*623095418718~NM1*QC*1*SULLIVAN*ANDREW*D~NM1*82*1*THOMPSON*RACHEL*L***XX*1122334455~DTM*232*20250122~DTM*233*20250122~DTM*573*20250208~CAS*CO*45*32.68~CAS*PR*1*13.29*1*2*8.86*1~SVC*HC:99215*298*243.17**1~DTM*472*20250122~CAS*CO*45*54.83~CLP*DFD01230037*1*237*175.54*22.86*BL*623098882947~NM1*QC*1*DIAZ*DONNA*F~NM1*82*1*THOMPSON*RACHEL*L***XX*1122334455~DTM*232*20250123~DTM*233*20250123~DTM*573*20250208~CAS*CO*45*38.60~CAS*PR*1*13.72*1*2*9.14*1~SVC*HC:99213*141*104.44**1~DTM*472*20250123~CAS*CO*45*36.56~SVC*HC:83036*96*71.10**2~DTM*472*20250123~CAS*CO*45*24.90~CLP*RRC01230078*1*357*257.48*44.50*BL*623092694421~NM1*QC*1*CHEN*RICHARD*R~NM1*82*1*PATEL*ANISHA*K***XX*9876543210~DTM*232*20250123~DTM*233*20250123~DTM*573*20250208~CAS*CO*45*55.02~CAS*PR*1*26.70*1*2*17.80*1~SVC*HC:73610*152*109.63**1~DTM*472*20250123~CAS*CO*45*42.37~SVC*HC:80061*172*124.05**2~DTM*472*20250123~CAS*CO*45*47.95~SVC*HC:81001*33*23.80**1~DTM*472*20250123~CAS*CO*45*9.20~CLP*EKP01230107*1*350*283.43*20.04*BL*623093120605~NM1*QC*1*PATEL*ELIZABETH*K~NM1*82*1*GARCIA*MARCUS*D***XX*5566778899~DTM*232*20250123~DTM*233*20250123~DTM*573*20250208~CAS*CO*45*46.53~CAS*PR*1*12.02*1*2*8.02*1~SVC*HC:99213*132*106.89**1~DTM*472*20250123~CAS*CO*45*25.11~SVC*HC:96372*191*154.67**1~DTM*472*20250123~CAS*CO*45*36.33~SVC*HC:36415*27*21.86**1~DTM*472*20250123~CAS*CO*45*5.14~CLP*NRB01230166*1*425*286.36*47.79*BL*623091571694~NM1*QC*1*BROOKS*NANCY*R~NM1*82*1*ABRAMS*DANIEL*T***XX*7788990011~DTM*232*20250123~DTM*233*20250123~DTM*573*20250208~CAS*CO*45*90.85~CAS*PR*1*28.67*1*2*19.12*1~SVC*HC:99213*136*91.64**1~DTM*472*20250123~CAS*CO*45*44.36~SVC*HC:83036*47*31.67**1~DTM*472*20250123~CAS*CO*45*15.33~SVC*HC:71101*174*117.24**1~DTM*472*20250123~CAS*CO*45*56.76~SVC*HC:81003*20*13.48**1~DTM*472*20250123~CAS*CO*45*6.52~SVC*HC:85025*48*32.34**1~DTM*472*20250123~CAS*CO*45*15.66~CLP*TGB01230196*4*345*0.00*0.00*BL*623098238024~NM1*QC*1*BAILEY*THANH*G~NM1*82*1*KIM*JENNY*S***XX*6677889900~DTM*232*20250123~DTM*233*20250123~DTM*573*20250208~CAS*CO*197*345.00~SVC*HC:99215*269*0.00**1~DTM*472*20250123~CAS*CO*197*269.00~SVC*HC:94060*57*0.00**1~DTM*472*20250123~CAS*CO*197*57.00~SVC*HC:99000*19*0.00**1~DTM*472*20250123~CAS*CO*197*19.00~CLP*RMO01230209*1*687*590.79*32.77*BL*623091401503~NM1*QC*1*OKAFOR*ROBERT*M~NM1*82*1*PATEL*ANISHA*K***XX*9876543210~DTM*232*20250123~DTM*233*20250123~DTM*573*20250208~CAS*CO*45*63.44~CAS*PR*1*19.66*1*2*13.11*1~SVC*HC:99395*223*191.77**1~DTM*472*20250123~CAS*CO*45*31.23~SVC*HC:99396*238*204.67**1~DTM*472*20250123~CAS*CO*45*33.33~SVC*HC:80069*172*147.91**2~DTM*472*20250123~CAS*CO*45*24.09~SVC*HC:99000*17*14.62**1~DTM*472*20250123~CAS*CO*45*2.38~SVC*HC:94010*37*31.82**1~DTM*472*20250123~CAS*CO*45*5.18~CLP*DKD01230218*1*249*187.27*28.18*BL*623093800715~NM1*QC*1*DIAZ*DONNA*K~NM1*82*1*PATEL*ANISHA*K***XX*9876543210~DTM*232*20250123~DTM*233*20250123~DTM*573*20250208~CAS*CO*45*33.55~CAS*PR*1*16.91*1*2*11.27*1~SVC*HC:99214*223*167.72**1~DTM*472*20250123~CAS*CO*45*55.28~SVC*HC:36415*26*19.55**1~DTM*472*20250123~CAS*CO*45*6.45~CLP*MPB01230234*1*88*65.33*9.60*BL*623092224983~NM1*QC*1*BROOKS*MARK*P~NM1*82*1*THOMPSON*RACHEL*L***XX*1122334455~DTM*232*20250123~DTM*233*20250123~DTM*573*20250208~CAS*CO*45*13.07~CAS*PR*1*5.76*1*2*3.84*1~SVC*HC:99490*67*49.74**1~DTM*472*20250123~CAS*CO*45*17.26~SVC*HC:81003*21*15.59**1~DTM*472*20250123~CAS*CO*45*5.41~CLP*ABP01240040*1*114*86.54*10.49*BL*623093220930~NM1*QC*1*PRICE*AMELIA*B~NM1*82*1*ABRAMS*DANIEL*T***XX*7788990011~DTM*232*20250124~DTM*233*20250124~DTM*573*20250208~CAS*CO*45*16.97~CAS*PR*1*6.29*1*2*4.20*1~SVC*HC:99490*73*55.42**1~DTM*472*20250124~CAS*CO*45*17.58~SVC*HC:94010*41*31.12**1~DTM*472*20250124~CAS*CO*45*9.88~CLP*TCL01240058*1*490*376.79*29.01*BL*623099638539~NM1*QC*1*LEWIS*THOMAS*C~NM1*82*1*KIM*JENNY*S***XX*6677889900~DTM*232*20250124~DTM*233*20250124~DTM*573*20250208~CAS*CO*45*84.20~CAS*PR*1*17.41*1*2*11.60*1~SVC*HC:99395*206*158.41**1~DTM*472*20250124~CAS*CO*45*47.59~SVC*HC:99396*240*184.55**1~DTM*472*20250124~CAS*CO*45*55.45~SVC*HC:81003*44*33.83**2~DTM*472*20250124~CAS*CO*45*10.17~CLP*JAR01240067*1*669*567.69*31.94*BL*623099880342~NM1*QC*1*REYES*JAMES*A~NM1*82*1*ABRAMS*DANIEL*T***XX*7788990011~DTM*232*20250124~DTM*233*20250124~DTM*573*20250208~CAS*CO*45*69.37~CAS*PR*1*19.16*1*2*12.78*1~SVC*HC:99395*217*184.14**1~DTM*472*20250124~CAS*CO*45*32.86~SVC*HC:96372*203*172.26**1~DTM*472*20250124~CAS*CO*45*30.74~SVC*HC:93000*134*113.71**1~DTM*472*20250124~CAS*CO*45*20.29~SVC*HC:36415*25*21.21**1~DTM*472*20250124~CAS*CO*45*3.79~SVC*HC:80061*90*76.37**1~DTM*472*20250124~CAS*CO*45*13.63~CLP*RCW01240091*1*549*441.39*42.65*BL*623097511474~NM1*QC*1*WRIGHT*ROBERT*C~NM1*82*1*GARCIA*MARCUS*D***XX*5566778899~DTM*232*20250124~DTM*233*20250124~DTM*573*20250208~CAS*CO*45*64.96~CAS*PR*1*25.59*1*2*17.06*1~SVC*HC:99215*298*239.59**1~DTM*472*20250124~CAS*CO*45*58.41~SVC*HC:80048*154*123.81**2~DTM*472*20250124~CAS*CO*45*30.19~SVC*HC:94010*51*41.00**1~DTM*472*20250124~CAS*CO*45*10.00~SVC*HC:85025*46*36.98**1~DTM*472*20250124~CAS*CO*45*9.02~CLP*TVN01240099*1*197*170.70*10.48*BL*623098086002~NM1*QC*1*NELSON*THOMAS*V~NM1*82*1*PATEL*ANISHA*K***XX*9876543210~DTM*232*20250124~DTM*233*20250124~DTM*573*20250208~CAS*CO*45*15.82~CAS*PR*1*6.29*1*2*4.19*1~SVC*HC:99213*155*134.31**1~DTM*472*20250124~CAS*CO*45*20.69~SVC*HC:87081*42*36.39**1~DTM*472*20250124~CAS*CO*45*5.61~CLP*SSP01240119*1*269*182.19*30.54*BL*623096945304~NM1*QC*1*PHILLIPS*SOFIA*S~NM1*82*1*THOMPSON*RACHEL*L***XX*1122334455~DTM*232*20250124~DTM*233*20250124~DTM*573*20250208~CAS*CO*45*56.27~CAS*PR*1*18.32*1*2*12.22*1~SVC*HC:99213*143*96.85**1~DTM*472*20250124~CAS*CO*45*46.15~SVC*HC:94010*106*71.79**2~DTM*472*20250124~CAS*CO*45*34.21~SVC*HC:81003*20*13.55**1~DTM*472*20250124~CAS*CO*45*6.45~CLP*EKP01240127*1*393*286.90*32.00*BL*623093138306~NM1*QC*1*PATEL*ELIZABETH*K~NM1*82*1*GARCIA*MARCUS*D***XX*5566778899~DTM*232*20250124~DTM*233*20250124~DTM*573*20250208~CAS*CO*45*74.10~CAS*PR*1*19.20*1*2*12.80*1~SVC*HC:99215*273*199.30**1~DTM*472*20250124~CAS*CO*45*73.70~SVC*HC:87081*53*38.69**1~DTM*472*20250124~CAS*CO*45*14.31~SVC*HC:80069*67*48.91**1~DTM*472*20250124~CAS*CO*45*18.09~CLP*JLP01240141*1*486*374.33*43.83*BL*623097749767~NM1*QC*1*PARKER*JENNIFER*L~NM1*82*1*KIM*JENNY*S***XX*6677889900~DTM*232*20250124~DTM*233*20250124~DTM*573*20250208~CAS*CO*45*67.84~CAS*PR*1*26.30*1*2*17.53*1~SVC*HC:99213*134*103.21**1~DTM*472*20250124~CAS*CO*45*30.79~SVC*HC:80053*272*209.50**2~DTM*472*20250124~CAS*CO*45*62.50~SVC*HC:81003*40*30.81**2~DTM*472*20250124~CAS*CO*45*9.19~SVC*HC:85027*40*30.81**1~DTM*472*20250124~CAS*CO*45*9.19~CLP*DKD01240186*2*309*177.81*31.31*BL*623095050605~NM1*QC*1*DAVIS*DANIEL*K~NM1*82*1*KIM*JENNY*S***XX*6677889900~DTM*232*20250124~DTM*233*20250124~DTM*573*20250208~CAS*CO*45*39.95~CAS*OA*23*59.93~CAS*PR*2*31.31~SVC*HC:99215*283*162.85**1~DTM*472*20250124~CAS*CO*45*120.15~SVC*HC:36415*26*14.96**1~DTM*472*20250124~CAS*CO*45*11.04~CLP*DTN01240199*1*322*246.24*32.29*BL*623095922299~NM1*QC*1*NELSON*DANIEL*T~NM1*82*1*ABRAMS*DANIEL*T***XX*7788990011~DTM*232*20250124~DTM*233*20250124~DTM*573*20250208~CAS*CO*45*43.47~CAS*PR*1*19.37*1*2*12.92*1~SVC*HC:99214*221*169.00**1~DTM*472*20250124~CAS*CO*45*52.00~SVC*HC:20610*101*77.24**1~DTM*472*20250124~CAS*CO*45*23.76~SE*1143*0006~GE*1*6~IEA*1*000000006~