ISA*00*          *00*          *ZZ*87726          *ZZ*1234567890     *250208*0000*^*00501*000000007*0*P*:~GS*HP*87726*1234567890*20250208*0000*7*X*005010X221A1~ST*835*0007*005010X221A1~BPR*I*8891.97*C*ACH*CCP*01*111000025*DA*9876543210*1234567890**01*111000025*DA*1234567890*20250208~TRN*1*EFT20250208007*1234567890~DTM*405*20250208~N1*PR*UNITED HEALTHCARE*PI*87726~N3*PO BOX 740800~N4*ATLANTA*GA*30374~N1*PE*MIDTOWN FAMILY MEDICINE*XX*2345678901~N3*2100 CHURCH ST STE 300~N4*NASHVILLE*TN*37203~CLP*CKG01130032*1*438*300.18*48.76*CI*877299739149~NM1*QC*1*GARCIA*CHARLES*K~NM1*82*1*ABRAMS*DANIEL*T***XX*7788990011~DTM*232*20250113~DTM*233*20250113~DTM*573*20250208~CAS*CO*45*89.06~CAS*PR*1*29.26*1*2*19.50*1~SVC*HC:99213*151*103.49**1~DTM*472*20250113~CAS*CO*45*47.51~SVC*HC:80053*138*94.58**1~DTM*472*20250113~CAS*CO*45*43.42~SVC*HC:93000*149*102.12**1~DTM*472*20250113~CAS*CO*45*46.88~CLP*OVC01130120*1*423*341.32*41.82*CI*877293116927~NM1*QC*1*CHEN*OLIVIA*V~NM1*82*1*PATEL*ANISHA*K***XX*9876543210~DTM*232*20250113~DTM*233*20250113~DTM*573*20250208~CAS*CO*45*39.86~CAS*PR*1*25.09*1*2*16.73*1~SVC*HC:99214*220*177.52**1~DTM*472*20250113~CAS*CO*45*42.48~SVC*HC:96372*203*163.80**1~DTM*472*20250113~CAS*CO*45*39.20~CLP*BCM01130142*2*459*291.46*54.89*CI*877298614329~NM1*QC*1*MOORE*BARBARA*C~NM1*82*1*PATEL*ANISHA*K***XX*9876543210~DTM*232*20250113~DTM*233*20250113~DTM*573*20250208~CAS*CO*45*45.06~CAS*OA*23*67.59~CAS*PR*2*54.89~SVC*HC:99396*251*159.38**1~DTM*472*20250113~CAS*CO*45*91.62~SVC*HC:71101*180*114.30**1~DTM*472*20250113~CAS*CO*45*65.70~SVC*HC:36415*28*17.78**1~DTM*472*20250113~CAS*CO*45*10.22~CLP*DHM01130146*1*395*267.83*44.35*CI*877295948298~NM1*QC*1*MORALES*DONNA*H~NM1*82*1*THOMPSON*RACHEL*L***XX*1122334455~DTM*232*20250113~DTM*233*20250113~DTM*573*20250208~CAS*CO*45*82.82~CAS*PR*1*26.61*1*2*17.74*1~SVC*HC:99213*127*86.11**1~DTM*472*20250113~CAS*CO*45*40.89~SVC*HC:96372*223*151.21**1~DTM*472*20250113~CAS*CO*45*71.79~SVC*HC:94060*45*30.51**1~DTM*472*20250113~CAS*CO*45*14.49~CLP*JDY01130164*1*486*381.12*62.59*CI*877292839032~NM1*QC*1*YOUNG*JASON*D~NM1*82*1*THOMPSON*RACHEL*L***XX*1122334455~DTM*232*20250113~DTM*233*20250113~DTM*573*20250208~CAS*CO*45*42.29~CAS*PR*1*37.55*1*2*25.04*1~SVC*HC:99214*191*149.78**1~DTM*472*20250113~CAS*CO*45*41.22~SVC*HC:71046*173*135.67**1~DTM*472*20250113~CAS*CO*45*37.33~SVC*HC:93000*122*95.67**1~DTM*472*20250113~CAS*CO*45*26.33~CLP*CSL01140019*1*414*314.88*44.60*CI*877293012269~NM1*QC*1*LEWIS*CHRISTOPHER*S~NM1*82*1*THOMPSON*RACHEL*L***XX*1122334455~DTM*232*20250114~DTM*233*20250114~DTM*573*20250208~CAS*CO*45*54.52~CAS*PR*1*26.76*1*2*17.84*1~SVC*HC:99214*178*135.38**1~DTM*472*20250114~CAS*CO*45*42.62~SVC*HC:80053*236*179.50**2~DTM*472*20250114~CAS*CO*45*56.50~CLP*DPP01140066*1*250*183.81*26.44*CI*877298455879~NM1*QC*1*PRICE*DAVID*P~NM1*82*1*THOMPSON*RACHEL*L***XX*1122334455~DTM*232*20250114~DTM*233*20250114~DTM*573*20250208~CAS*CO*45*39.75~CAS*PR*1*15.86*1*2*10.58*1~SVC*HC:99214*215*158.08**1~DTM*472*20250114~CAS*CO*45*56.92~SVC*HC:36415*35*25.73**1~DTM*472*20250114~CAS*CO*45*9.27~CLP*SBT01140205*1*185*142.40*20.03*CI*877298252219~NM1*QC*1*TAYLOR*STEVEN*B~NM1*82*1*PATEL*ANISHA*K***XX*9876543210~DTM*232*20250114~DTM*233*20250114~DTM*573*20250208~CAS*CO*45*22.57~CAS*PR*1*12.02*1*2*8.01*1~SVC*HC:99213*149*114.69**1~DTM*472*20250114~CAS*CO*45*34.31~SVC*HC:85025*36*27.71**1~DTM*472*20250114~CAS*CO*45*8.29~CLP*LVR01140247*2*250*166.78*22.82*CI*877299275454~NM1*QC*1*RAMIREZ*LINDA*V~NM1*82*1*THOMPSON*RACHEL*L***XX*1122334455~DTM*232*20250114~DTM*233*20250114~DTM*573*20250208~CAS*CO*45*24.16~CAS*OA*23*36.24~CAS*PR*2*22.82~SVC*HC:99213*164*109.41**1~DTM*472*20250114~CAS*CO*45*54.59~SVC*HC:99000*14*9.34**1~DTM*472*20250114~CAS*CO*45*4.66~SVC*HC:94010*72*48.03**2~DTM*472*20250114~CAS*CO*45*23.97~CLP*CPG01150017*1*273*207.65*11.11*CI*877295413356~NM1*QC*1*GREEN*CARLOS*P~NM1*82*1*THOMPSON*RACHEL*L***XX*1122334455~DTM*232*20250115~DTM*233*20250115~DTM*573*20250208~CAS*CO*45*54.24~CAS*PR*1*6.67*1*2*4.44*1~SVC*HC:99213*131*99.64**1~DTM*472*20250115~CAS*CO*45*31.36~SVC*HC:71101*142*108.01**1~DTM*472*20250115~CAS*CO*45*33.99~CLP*MGT01150035*4*512*0.00*0.00*CI*877292457333~NM1*QC*1*TAYLOR*MICHAEL*G~NM1*82*1*THOMPSON*RACHEL*L***XX*1122334455~DTM*232*20250115~DTM*233*20250115~DTM*573*20250208~CAS*CO*50*512.00~SVC*HC:99395*208*0.00**1~DTM*472*20250115~CAS*CO*50*208.00~SVC*HC:99396*220*0.00**1~DTM*472*20250115~CAS*CO*50*220.00~SVC*HC:87070*84*0.00**2~DTM*472*20250115~CAS*CO*50*84.00~CLP*ABW01150060*1*362*275.74*36.68*CI*877293295425~NM1*QC*1*WALKER*AMELIA*B~NM1*82*1*PATEL*ANISHA*K***XX*9876543210~DTM*232*20250115~DTM*233*20250115~DTM*573*20250208~CAS*CO*45*49.58~CAS*PR*1*22.01*1*2*14.67*1~SVC*HC:99215*284*216.33**1~DTM*472*20250115~CAS*CO*45*67.67~SVC*HC:85027*32*24.37**1~DTM*472*20250115~CAS*CO*45*7.63~SVC*HC:85025*46*35.04**1~DTM*472*20250115~CAS*CO*45*10.96~CLP*NVC01150144*4*429*0.00*0.00*CI*877295671669~NM1*QC*1*CARTER*NANCY*V~NM1*82*1*THOMPSON*RACHEL*L***XX*1122334455~DTM*232*20250115~DTM*233*20250115~DTM*573*20250208~CAS*CO*197*429.00~SVC*HC:99214*203*0.00**1~DTM*472*20250115~CAS*CO*197*203.00~SVC*HC:73610*195*0.00**1~DTM*472*20250115~CAS*CO*197*195.00~SVC*HC:81001*31*0.00**1~DTM*472*20250115~CAS*CO*197*31.00~CLP*LFM01150206*1*494*382.50*34.19*CI*877292953918~NM1*QC*1*MITCHELL*LISA*F~NM1*82*1*GARCIA*MARCUS*D***XX*5566778899~DTM*232*20250115~DTM*233*20250115~DTM*573*20250208~CAS*CO*45*77.31~CAS*PR*1*20.51*1*2*13.68*1~SVC*HC:99395*224*173.44**1~DTM*472*20250115~CAS*CO*45*50.56~SVC*HC:99396*224*173.44**1~DTM*472*20250115~CAS*CO*45*50.56~SVC*HC:87081*46*35.62**1~DTM*472*20250115~CAS*CO*45*10.38~CLP*ACP01160018*1*350*247.23*34.43*CI*877296934456~NM1*QC*1*PATEL*AMELIA*C~NM1*82*1*PATEL*ANISHA*K***XX*9876543210~DTM*232*20250116~DTM*233*20250116~DTM*573*20250208~CAS*CO*45*68.34~CAS*PR*1*20.66*1*2*13.77*1~SVC*HC:99214*218*153.99**1~DTM*472*20250116~CAS*CO*45*64.01~SVC*HC:87880*96*67.81**2~DTM*472*20250116~CAS*CO*45*28.19~SVC*HC:81001*36*25.43**1~DTM*472*20250116~CAS*CO*45*10.57~CLP*LER01160021*1*844*603.31*88.01*CI*877292326525~NM1*QC*1*ROBERTS*LISA*E~NM1*82*1*KIM*JENNY*S***XX*6677889900~DTM*232*20250116~DTM*233*20250116~DTM*573*20250208~CAS*CO*45*152.68~CAS*PR*1*52.81*1*2*35.20*1~SVC*HC:99214*209*149.40**1~DTM*472*20250116~CAS*CO*45*59.60~SVC*HC:73610*177*126.52**1~DTM*472*20250116~CAS*CO*45*50.48~SVC*HC:85027*62*44.32**2~DTM*472*20250116~CAS*CO*45*17.68~SVC*HC:36415*32*22.87**1~DTM*472*20250116~CAS*CO*45*9.13~SVC*HC:93000*308*220.17**2~DTM*472*20250116~CAS*CO*45*87.83~SVC*HC:81003*56*40.03**2~DTM*472*20250116~CAS*CO*45*15.97~CLP*BKN01160056*1*658*481.53*53.11*CI*877294731953~NM1*QC*1*NGUYEN*BETTY*K~NM1*82*1*PATEL*ANISHA*K***XX*9876543210~DTM*232*20250116~DTM*233*20250116~DTM*573*20250208~CAS*CO*45*123.36~CAS*PR*1*31.87*1*2*21.24*1~SVC*HC:99395*208*152.22**1~DTM*472*20250116~CAS*CO*45*55.78~SVC*HC:99396*223*163.19**1~DTM*472*20250116~CAS*CO*45*59.81~SVC*HC:96372*227*166.12**1~DTM*472*20250116~CAS*CO*45*60.88~CLP*GJM01160102*1*108*76.32*8.65*CI*877292247391~NM1*QC*1*MORALES*GEORGE*J~NM1*82*1*ABRAMS*DANIEL*T***XX*7788990011~DTM*232*20250116~DTM*233*20250116~DTM*573*20250208~CAS*CO*45*23.03~CAS*PR*1*5.19*1*2*3.46*1~SVC*HC:20610*108*76.32**1~DTM*472*20250116~CAS*CO*45*31.68~CLP*DEW01160171*1*346*265.55*29.77*CI*877296488091~NM1*QC*1*WALKER*DOROTHY*E~NM1*82*1*KIM*JENNY*S***XX*6677889900~DTM*232*20250116~DTM*233*20250116~DTM*573*20250208~CAS*CO*45*50.68~CAS*PR*1*17.86*1*2*11.91*1~SVC*HC:99213*160*122.80**1~DTM*472*20250116~CAS*CO*45*37.20~SVC*HC:93000*134*102.84**1~DTM*472*20250116~CAS*CO*45*31.16~SVC*HC:94060*52*39.91**1~DTM*472*20250116~CAS*CO*45*12.09~CLP*RKH01160181*1*31*25.99*2.22*CI*877293629445~NM1*QC*1*HARRIS*ROBERT*K~NM1*82*1*PATEL*ANISHA*K***XX*9876543210~DTM*232*20250116~DTM*233*20250116~DTM*573*20250208~CAS*CO*45*2.79~CAS*PR*1*1.33*1*2*0.89*1~SVC*HC:96127*31*25.99**1~DTM*472*20250116~CAS*CO*45*5.01~CLP*AHS01160219*2*214*120.96*22.04*CI*877299507058~NM1*QC*1*SCOTT*ASHLEY*H~NM1*82*1*ABRAMS*DANIEL*T***XX*7788990011~DTM*232*20250116~DTM*233*20250116~DTM*573*20250208~CAS*CO*45*28.40~CAS*OA*23*42.60~CAS*PR*2*22.04~SVC*HC:99214*214*120.96**1~DTM*472*20250116~CAS*CO*45*93.04~CLP*DMB01170157*1*100*67.23*11.36*CI*877296626024~NM1*QC*1*BROWN*DONALD*M~NM1*82*1*KIM*JENNY*S***XX*6677889900~DTM*232*20250117~DTM*233*20250117~DTM*573*20250208~CAS*CO*45*21.41~CAS*PR*1*6.82*1*2*4.54*1~SVC*HC:99490*71*47.73**1~DTM*472*20250117~CAS*CO*45*23.27~SVC*HC:81003*29*19.50**1~DTM*472*20250117~CAS*CO*45*9.50~CLP*CJS01170221*4*70*0.00*0.00*CI*877295632324~NM1*QC*1*SMITH*CHLOE*J~NM1*82*1*PATEL*ANISHA*K***XX*9876543210~DTM*232*20250117~DTM*233*20250117~DTM*573*20250208~CAS*CO*16*70.00~SVC*HC:99490*70*0.00**1~DTM*472*20250117~CAS*CO*16*70.00~CLP*ENC01200024*1*637*504.70*70.85*CI*877298607864~NM1*QC*1*CARTER*ETHAN*N~NM1*82*1*PATEL*ANISHA*K***XX*9876543210~DTM*232*20250120~DTM*233*20250120~DTM*573*20250208~CAS*CO*45*61.45~CAS*PR*1*42.51*1*2*28.34*1~SVC*HC:99214*198*156.88**1~DTM*472*20250120~CAS*CO*45*41.12~SVC*HC:20610*135*106.96**1~DTM*472*20250120~CAS*CO*45*28.04~SVC*HC:85025*54*42.78**1~DTM*472*20250120~CAS*CO*45*11.22~SVC*HC:93000*250*198.08**2~DTM*472*20250120~CAS*CO*45*51.92~CLP*JSS01200050*1*467*361.87*30.54*CI*877299604096~NM1*QC*1*SCOTT*JASON*S~NM1*82*1*KIM*JENNY*S***XX*6677889900~DTM*232*20250120~DTM*233*20250120~DTM*573*20250208~CAS*CO*45*74.59~CAS*PR*1*18.32*1*2*12.22*1~SVC*HC:99395*209*161.95**1~DTM*472*20250120~CAS*CO*45*47.05~SVC*HC:99396*258*199.92**1~DTM*472*20250120~CAS*CO*45*58.08~CLP*THH01200143*1*277*229.80*20.37*CI*877292242998~NM1*QC*1*HARRIS*THANH*H~NM1*82*1*ABRAMS*DANIEL*T***XX*7788990011~DTM*232*20250120~DTM*233*20250120~DTM*573*20250208~CAS*CO*45*26.83~CAS*PR*1*12.22*1*2*8.15*1~SVC*HC:99213*158*131.08**1~DTM*472*20250120~CAS*CO*45*26.92~SVC*HC:80069*85*70.52**1~DTM*472*20250120~CAS*CO*45*14.48~SVC*HC:36415*34*28.21**1~DTM*472*20250120~CAS*CO*45*5.79~CLP*NHR01200155*22*290*160.72*17.86*CI*877296281634~NM1*QC*1*ROBERTS*NGOZI*H~NM1*82*1*KIM*JENNY*S***XX*6677889900~DTM*232*20250120~DTM*233*20250120~DTM*573*20250208~CAS*CO*45*44.57~CAS*OA*23*66.85~CAS*PR*2*17.86~SVC*HC:99214*195*108.07**1~DTM*472*20250120~CAS*CO*45*86.93~SVC*HC:85027*44*24.39**1~DTM*472*20250120~CAS*CO*45*19.61~SVC*HC:94010*51*28.26**1~DTM*472*20250120~CAS*CO*45*22.74~CLP*CMA01200159*1*188*139.40*14.45*CI*877291643521~NM1*QC*1*ALLEN*CHARLES*M~NM1*82*1*GARCIA*MARCUS*D***XX*5566778899~DTM*232*20250120~DTM*233*20250120~DTM*573*20250208~CAS*CO*45*34.15~CAS*PR*1*8.67*1*2*5.78*1~SVC*HC:99214*188*139.40**1~DTM*472*20250120~CAS*CO*45*48.60~CLP*RAW01200177*1*198*164.87*14.11*CI*877298270870~NM1*QC*1*WILSON*RUTH*A~NM1*82*1*THOMPSON*RACHEL*L***XX*1122334455~DTM*232*20250120~DTM*233*20250120~DTM*573*20250208~CAS*CO*45*19.02~CAS*PR*1*8.47*1*2*5.64*1~SVC*HC:99214*198*164.87**1~DTM*472*20250120~CAS*CO*45*33.13~CLP*AKM01210023*1*221*170.88*29.89*CI*877292685083~NM1*QC*1*MURPHY*AMELIA*K~NM1*82*1*THOMPSON*RACHEL*L***XX*1122334455~DTM*232*20250121~DTM*233*20250121~DTM*573*20250208~CAS*CO*45*20.23~CAS*PR*1*17.93*1*2*11.96*1~SVC*HC:99213*138*106.70**1~DTM*472*20250121~CAS*CO*45*31.30~SVC*HC:80061*83*64.18**1~DTM*472*20250121~CAS*CO*45*18.82~CLP*PGS01210113*1*644*489.02*81.23*CI*877299745909~NM1*QC*1*SCOTT*PAUL*G~NM1*82*1*GARCIA*MARCUS*D***XX*5566778899~DTM*232*20250121~DTM*233*20250121~DTM*573*20250208~CAS*CO*45*73.75~CAS*PR*1*48.74*1*2*32.49*1~SVC*HC:99395*222*168.58**1~DTM*472*20250121~CAS*CO*45*53.42~SVC*HC:99396*238*180.72**1~DTM*472*20250121~CAS*CO*45*57.28~SVC*HC:71046*132*100.23**1~DTM*472*20250121~CAS*CO*45*31.77~SVC*HC:94060*52*39.49**1~DTM*472*20250121~CAS*CO*45*12.51~CLP*ATP01210214*1*177*144.66*9.91*CI*877296327222~NM1*QC*1*PARKER*ANTHONY*T~NM1*82*1*THOMPSON*RACHEL*L***XX*1122334455~DTM*232*20250121~DTM*233*20250121~DTM*573*20250208~CAS*CO*45*22.43~CAS*PR*1*5.95*1*2*3.96*1~SVC*HC:99214*177*144.66**1~DTM*472*20250121~CAS*CO*45*32.34~CLP*HLC01220031*1*323*226.31*34.98*CI*877294194359~NM1*QC*1*CAMPBELL*HARPER*L~NM1*82*1*KIM*JENNY*S***XX*6677889900~DTM*232*20250122~DTM*233*20250122~DTM*573*20250208~CAS*CO*45*61.71~CAS*PR*1*20.99*1*2*13.99*1~SVC*HC:99214*223*156.24**1~DTM*472*20250122~CAS*CO*45*66.76~SVC*HC:99000*18*12.61**1~DTM*472*20250122~CAS*CO*45*5.39~SVC*HC:80061*82*57.45**1~DTM*472*20250122~CAS*CO*45*24.55~CLP*ABO01220074*2*274*185.35*14.22*CI*877291597875~NM1*QC*1*OKAFOR*ANTHONY*B~NM1*82*1*PATEL*ANISHA*K***XX*9876543210~DTM*232*20250122~DTM*233*20250122~DTM*573*20250208~CAS*CO*45*29.77~CAS*OA*23*44.66~CAS*PR*2*14.22~SVC*HC:99214*224*151.53**1~DTM*472*20250122~CAS*CO*45*72.47~SVC*HC:87081*50*33.82**1~DTM*472*20250122~CAS*CO*45*16.18~CLP*MEW01220126*4*490*0.00*0.00*CI*877291133724~NM1*QC*1*WRIGHT*MARCUS*E~NM1*82*1*PATEL*ANISHA*K***XX*9876543210~DTM*232*20250122~DTM*233*20250122~DTM*573*20250208~CAS*CO*197*490.00~SVC*HC:99395*193*0.00**1~DTM*472*20250122~CAS*CO*197*193.00~SVC*HC:99396*225*0.00**1~DTM*472*20250122~CAS*CO*197*225.00~SVC*HC:80069*72*0.00**1~DTM*472*20250122~CAS*CO*197*72.00~CLP*MKS01220132*1*209*171.24*19.87*CI*877295125747~NM1*QC*1*STEWART*MARGARET*K~NM1*82*1*GARCIA*MARCUS*D***XX*5566778899~DTM*232*20250122~DTM*233*20250122~DTM*573*20250208~CAS*CO*45*17.89~CAS*PR*1*11.92*1*2*7.95*1~SVC*HC:99214*182*149.12**1~DTM*472*20250122~CAS*CO*45*32.88~SVC*HC:81001*27*22.12**1~DTM*472*20250122~CAS*CO*45*4.88~CLP*TNB01230042*1*257*217.60*11.61*CI*877293296375~NM1*QC*1*BROOKS*THANH*N~NM1*82*1*ABRAMS*DANIEL*T***XX*7788990011~DTM*232*20250123~DTM*233*20250123~DTM*573*20250208~CAS*CO*45*27.79~CAS*PR*1*6.97*1*2*4.64*1~SVC*HC:99214*212*179.50**1~DTM*472*20250123~CAS*CO*45*32.50~SVC*HC:94010*45*38.10**1~DTM*472*20250123~CAS*CO*45*6.90~CLP*JBY01240072*1*277*235.28*13.06*CI*877297311740~NM1*QC*1*YOUNG*JENNIFER*B~NM1*82*1*KIM*JENNY*S***XX*6677889900~DTM*232*20250124~DTM*233*20250124~DTM*573*20250208~CAS*CO*45*28.66~CAS*PR*1*7.84*1*2*5.22*1~SVC*HC:99215*277*235.28**1~DTM*472*20250124~CAS*CO*45*41.72~CLP*DGD01240151*1*188*130.08*21.91*CI*877294694503~NM1*QC*1*DAVIS*DONALD*G~NM1*82*1*ABRAMS*DANIEL*T***XX*7788990011~DTM*232*20250124~DTM*233*20250124~DTM*573*20250208~CAS*CO*45*36.01~CAS*PR*1*13.15*1*2*8.76*1~SVC*HC:99213*144*99.64**1~DTM*472*20250124~CAS*CO*45*44.36~SVC*HC:85027*44*30.44**1~DTM*472*20250124~CAS*CO*45*13.56~CLP*ARC01240175*4*654*0.00*0.00*CI*877294282937~NM1*QC*1*CHEN*ASHLEY*R~NM1*82*1*KIM*JENNY*S***XX*6677889900~DTM*232*20250124~DTM*233*20250124~DTM*573*20250208~CAS*CO*197*654.00~SVC*HC:99395*192*0.00**1~DTM*472*20250124~CAS*CO*197*192.00~SVC*HC:99396*211*0.00**1~DTM*472*20250124~CAS*CO*197*211.00~SVC*HC:80048*81*0.00**1~DTM*472*20250124~CAS*CO*197*81.00~SVC*HC:71046*170*0.00**1~DTM*472*20250124~CAS*CO*197*170.00~CLP*SJT01240208*1*287*216.40*30.41*CI*877295450761~NM1*QC*1*THOMAS*SANDRA*J~NM1*82*1*GARCIA*MARCUS*D***XX*5566778899~DTM*232*20250124~DTM*233*20250124~DTM*573*20250208~CAS*CO*45*40.19~CAS*PR*1*18.25*1*2*12.16*1~SVC*HC:99214*200*150.80**1~DTM*472*20250124~CAS*CO*45*49.20~SVC*HC:85027*44*33.18**1~DTM*472*20250124~CAS*CO*45*10.82~SVC*HC:87081*43*32.42**1~DTM*472*20250124~CAS*CO*45*10.58~SE*641*0007~GE*1*7~IEA*1*000000007~