ISA*00*          *00*          *ZZ*36273          *ZZ*1234567890     *250208*0000*^*00501*000000012*0*P*:~GS*HP*36273*1234567890*20250208*0000*12*X*005010X221A1~ST*835*0012*005010X221A1~BPR*I*3916.04*C*ACH*CCP*01*111000025*DA*9876543210*1234567890**01*111000025*DA*1234567890*20250208~TRN*1*EFT20250208012*1234567890~DTM*405*20250208~N1*PR*AMBETTER TN*PI*36273~N3*PO BOX 5010~N4*FARMINGTON*MO*63640~N1*PE*MIDTOWN FAMILY MEDICINE*XX*2345678901~N3*2100 CHURCH ST STE 300~N4*NASHVILLE*TN*37203~CLP*HLC01130200*1*423*325.06*23.69*HM*362793991801~NM1*QC*1*CHEN*HARPER*L~NM1*82*1*THOMPSON*RACHEL*L***XX*1122334455~DTM*232*20250113~DTM*233*20250113~DTM*573*20250208~CAS*CO*45*74.25~CAS*PR*1*14.21*1*2*9.48*1~SVC*HC:99214*200*153.69**1~DTM*472*20250113~CAS*CO*45*46.31~SVC*HC:96127*26*19.98**1~DTM*472*20250113~CAS*CO*45*6.02~SVC*HC:90834*109*83.76**1~DTM*472*20250113~CAS*CO*45*25.24~SVC*HC:87081*88*67.62**2~DTM*472*20250113~CAS*CO*45*20.38~CLP*RKW01140207*1*261*187.80*32.97*HM*362795411361~NM1*QC*1*WRIGHT*ROBERT*K~NM1*82*1*THOMPSON*RACHEL*L***XX*1122334455~DTM*232*20250114~DTM*233*20250114~DTM*573*20250208~CAS*CO*45*40.23~CAS*PR*1*19.78*1*2*13.19*1~SVC*HC:99214*205*147.51**1~DTM*472*20250114~CAS*CO*45*57.49~SVC*HC:87070*56*40.29**1~DTM*472*20250114~CAS*CO*45*15.71~CLP*HCD01160061*1*301*206.78*28.24*HM*362792716680~NM1*QC*1*DIAZ*HARPER*C~NM1*82*1*GARCIA*MARCUS*D***XX*5566778899~DTM*232*20250116~DTM*233*20250116~DTM*573*20250208~CAS*CO*45*65.98~CAS*PR*1*16.94*1*2*11.30*1~SVC*HC:99213*137*94.12**1~DTM*472*20250116~CAS*CO*45*42.88~SVC*HC:87070*114*78.32**2~DTM*472*20250116~CAS*CO*45*35.68~SVC*HC:85025*50*34.35**1~DTM*472*20250116~CAS*CO*45*15.65~CLP*ADT01160109*1*191*145.15*9.16*HM*362793125741~NM1*QC*1*TORRES*ANTHONY*D~NM1*82*1*THOMPSON*RACHEL*L***XX*1122334455~DTM*232*20250116~DTM*233*20250116~DTM*573*20250208~CAS*CO*45*36.69~CAS*PR*1*5.50*1*2*3.66*1~SVC*HC:99214*191*145.15**1~DTM*472*20250116~CAS*CO*45*45.85~CLP*CMD01160227*1*346*274.72*17.37*HM*362799763038~NM1*QC*1*DIAZ*CHARLES*M~NM1*82*1*ABRAMS*DANIEL*T***XX*7788990011~DTM*232*20250116~DTM*233*20250116~DTM*573*20250208~CAS*CO*45*53.91~CAS*PR*1*10.42*1*2*6.95*1~SVC*HC:99214*217*172.30**1~DTM*472*20250116~CAS*CO*45*44.70~SVC*HC:81003*27*21.44**1~DTM*472*20250116~CAS*CO*45*5.56~SVC*HC:85025*102*80.99**2~DTM*472*20250116~CAS*CO*45*21.01~CLP*EJL01170148*1*207*159.92*19.65*HM*362797424776~NM1*QC*1*LEE*EMILY*J~NM1*82*1*GARCIA*MARCUS*D***XX*5566778899~DTM*232*20250117~DTM*233*20250117~DTM*573*20250208~CAS*CO*45*27.43~CAS*PR*1*11.79*1*2*7.86*1~SVC*HC:99214*207*159.92**1~DTM*472*20250117~CAS*CO*45*47.08~CLP*JPC01200010*1*554*387.61*49.69*HM*362796539168~NM1*QC*1*CHEN*JOSEPH*P~NM1*82*1*KIM*JENNY*S***XX*6677889900~DTM*232*20250120~DTM*233*20250120~DTM*573*20250208~CAS*CO*45*116.70~CAS*PR*1*29.81*1*2*19.88*1~SVC*HC:99214*209*146.23**1~DTM*472*20250120~CAS*CO*45*62.77~SVC*HC:71101*160*111.95**1~DTM*472*20250120~CAS*CO*45*48.05~SVC*HC:87880*39*27.29**1~DTM*472*20250120~CAS*CO*45*11.71~SVC*HC:71046*146*102.15**1~DTM*472*20250120~CAS*CO*45*43.85~CLP*SEN01200167*1*732*605.60*55.89*HM*362795651273~NM1*QC*1*NGUYEN*SOFIA*E~NM1*82*1*KIM*JENNY*S***XX*6677889900~DTM*232*20250120~DTM*233*20250120~DTM*573*20250208~CAS*CO*45*70.51~CAS*PR*1*33.53*1*2*22.36*1~SVC*HC:99395*204*168.77**1~DTM*472*20250120~CAS*CO*45*35.23~SVC*HC:99396*257*212.62**1~DTM*472*20250120~CAS*CO*45*44.38~SVC*HC:80061*91*75.29**1~DTM*472*20250120~CAS*CO*45*15.71~SVC*HC:96372*180*148.92**1~DTM*472*20250120~CAS*CO*45*31.08~CLP*MJT01210090*1*258*187.78*13.97*HM*362798942448~NM1*QC*1*TORRES*MICHAEL*J~NM1*82*1*GARCIA*MARCUS*D***XX*5566778899~DTM*232*20250121~DTM*233*20250121~DTM*573*20250208~CAS*CO*45*56.25~CAS*PR*1*8.38*1*2*5.59*1~SVC*HC:99214*204*148.48**1~DTM*472*20250121~CAS*CO*45*55.52~SVC*HC:94010*54*39.30**1~DTM*472*20250121~CAS*CO*45*14.70~CLP*HND01210204*22*438*234.44*49.85*HM*362794511583~NM1*QC*1*DIAZ*HARPER*N~NM1*82*1*THOMPSON*RACHEL*L***XX*1122334455~DTM*232*20250121~DTM*233*20250121~DTM*573*20250208~CAS*CO*45*61.48~CAS*OA*23*92.23~CAS*PR*2*49.85~SVC*HC:99214*180*96.35**1~DTM*472*20250121~CAS*CO*45*83.65~SVC*HC:20610*103*55.13**1~DTM*472*20250121~CAS*CO*45*47.87~SVC*HC:87081*51*27.30**1~DTM*472*20250121~CAS*CO*45*23.70~SVC*HC:87880*51*27.30**1~DTM*472*20250121~CAS*CO*45*23.70~SVC*HC:87070*53*28.37**1~DTM*472*20250121~CAS*CO*45*24.63~CLP*APR01210229*1*126*99.84*8.75*HM*362793820239~NM1*QC*1*RAMIREZ*AMELIA*P~NM1*82*1*ABRAMS*DANIEL*T***XX*7788990011~DTM*232*20250121~DTM*233*20250121~DTM*573*20250208~CAS*CO*45*17.41~CAS*PR*1*5.25*1*2*3.50*1~SVC*HC:99213*126*99.84**1~DTM*472*20250121~CAS*CO*45*26.16~CLP*EAB01220013*1*555*437.93*43.49*HM*362791044808~NM1*QC*1*BAKER*EMILY*A~NM1*82*1*THOMPSON*RACHEL*L***XX*1122334455~DTM*232*20250122~DTM*233*20250122~DTM*573*20250208~CAS*CO*45*73.58~CAS*PR*1*26.09*1*2*17.40*1~SVC*HC:99490*66*52.08**1~DTM*472*20250122~CAS*CO*45*13.92~SVC*HC:99000*20*15.78**1~DTM*472*20250122~CAS*CO*45*4.22~SVC*HC:80061*86*67.86**1~DTM*472*20250122~CAS*CO*45*18.14~SVC*HC:80048*77*60.76**1~DTM*472*20250122~CAS*CO*45*16.24~SVC*HC:71046*306*241.45**2~DTM*472*20250122~CAS*CO*45*64.55~CLP*BND01220129*4*240*0.00*0.00*HM*362794889479~NM1*QC*1*DIAZ*BRIAN*N~NM1*82*1*ABRAMS*DANIEL*T***XX*7788990011~DTM*232*20250122~DTM*233*20250122~DTM*573*20250208~CAS*CO*16*240.00~SVC*HC:99213*137*0.00**1~DTM*472*20250122~CAS*CO*16*137.00~SVC*HC:81003*29*0.00**1~DTM*472*20250122~CAS*CO*16*29.00~SVC*HC:36415*31*0.00**1~DTM*472*20250122~CAS*CO*16*31.00~SVC*HC:87070*43*0.00**1~DTM*472*20250122~CAS*CO*16*43.00~CLP*CME01230071*1*466*340.53*39.57*HM*362794631318~NM1*QC*1*EVANS*CHARLOTTE*M~NM1*82*1*THOMPSON*RACHEL*L***XX*1122334455~DTM*232*20250123~DTM*233*20250123~DTM*573*20250208~CAS*CO*45*85.90~CAS*PR*1*23.74*1*2*15.83*1~SVC*HC:99213*136*99.38**1~DTM*472*20250123~CAS*CO*45*36.62~SVC*HC:99000*20*14.62**1~DTM*472*20250123~CAS*CO*45*5.38~SVC*HC:71046*170*124.23**1~DTM*472*20250123~CAS*CO*45*45.77~SVC*HC:94060*140*102.31**2~DTM*472*20250123~CAS*CO*45*37.69~CLP*NSM01230152*1*195*160.28*9.82*HM*362792532401~NM1*QC*1*MORALES*NOAH*S~NM1*82*1*PATEL*ANISHA*K***XX*9876543210~DTM*232*20250123~DTM*233*20250123~DTM*573*20250208~CAS*CO*45*24.90~CAS*PR*1*5.89*1*2*3.93*1~SVC*HC:99214*195*160.28**1~DTM*472*20250123~CAS*CO*45*34.72~CLP*NSW01240096*22*328*162.60*33.18*HM*362793457722~NM1*QC*1*WILSON*NGOZI*S~NM1*82*1*KIM*JENNY*S***XX*6677889900~DTM*232*20250124~DTM*233*20250124~DTM*573*20250208~CAS*CO*45*52.89~CAS*OA*23*79.33~CAS*PR*2*33.18~SVC*HC:99396*230*114.02**1~DTM*472*20250124~CAS*CO*45*115.98~SVC*HC:36415*29*14.38**1~DTM*472*20250124~CAS*CO*45*14.62~SVC*HC:80048*69*34.21**1~DTM*472*20250124~CAS*CO*45*34.79~SE*280*0012~GE*1*12~IEA*1*000000012~