ISA*00*          *00*          *ZZ*12001          *ZZ*1234567890     *250208*0000*^*00501*000000008*0*P*:~GS*HP*12001*1234567890*20250208*0000*8*X*005010X221A1~ST*835*0008*005010X221A1~BPR*I*8091.63*C*ACH*CCP*01*111000025*DA*9876543210*1234567890**01*111000025*DA*1234567890*20250208~TRN*1*EFT20250208008*1234567890~DTM*405*20250208~N1*PR*PALMETTO GBA*PI*12001~N3*PO BOX 100190~N4*COLUMBIA*SC*29202~N1*PE*CUMBERLAND ORTHOPEDIC ASSOC*XX*3456789012~N3*4500 HARDING PIKE STE 100~N4*NASHVILLE*TN*37205~CLP*TSR01130043*1*486*370.60*40.47*MC*120096422262~NM1*QC*1*RAMIREZ*TIMOTHY*S~NM1*82*1*ABRAMS*DANIEL*T***XX*7788990011~DTM*232*20250113~DTM*233*20250113~DTM*573*20250208~CAS*CO*45*74.93~CAS*PR*1*24.28*1*2*16.19*1~SVC*HC:99215*274*208.94**1~DTM*472*20250113~CAS*CO*45*65.06~SVC*HC:87070*64*48.80**1~DTM*472*20250113~CAS*CO*45*15.20~SVC*HC:80069*148*112.86**2~DTM*472*20250113~CAS*CO*45*35.14~CLP*NES01130082*1*204*148.07*16.39*MC*120095389007~NM1*QC*1*SULLIVAN*NANCY*E~NM1*82*1*ABRAMS*DANIEL*T***XX*7788990011~DTM*232*20250113~DTM*233*20250113~DTM*573*20250208~CAS*CO*45*39.54~CAS*PR*1*9.83*1*2*6.56*1~SVC*HC:99213*150*108.88**1~DTM*472*20250113~CAS*CO*45*41.12~SVC*HC:99000*17*12.34**1~DTM*472*20250113~CAS*CO*45*4.66~SVC*HC:87880*37*26.86**1~DTM*472*20250113~CAS*CO*45*10.14~CLP*CRA01130162*1*744*526.64*67.41*MC*120096328751~NM1*QC*1*ADAMS*CHARLES*R~NM1*82*1*KIM*JENNY*S***XX*6677889900~DTM*232*20250113~DTM*233*20250113~DTM*573*20250208~CAS*CO*45*149.95~CAS*PR*1*40.45*1*2*26.96*1~SVC*HC:99213*153*108.30**1~DTM*472*20250113~CAS*CO*45*44.70~SVC*HC:87880*47*33.27**1~DTM*472*20250113~CAS*CO*45*13.73~SVC*HC:93000*300*212.35**2~DTM*472*20250113~CAS*CO*45*87.65~SVC*HC:80053*244*172.72**2~DTM*472*20250113~CAS*CO*45*71.28~CLP*BVT01140001*1*156*111.06*12.56*MC*120097899279~NM1*QC*1*TORRES*BRIAN*V~NM1*82*1*PATEL*ANISHA*K***XX*9876543210~DTM*232*20250114~DTM*233*20250114~DTM*573*20250208~CAS*CO*45*32.38~CAS*PR*1*7.54*1*2*5.02*1~SVC*HC:99213*156*111.06**1~DTM*472*20250114~CAS*CO*45*44.94~CLP*TFG01140004*4*561*0.00*0.00*MC*120097566239~NM1*QC*1*GARCIA*THANH*F~NM1*82*1*ABRAMS*DANIEL*T***XX*7788990011~DTM*232*20250114~DTM*233*20250114~DTM*573*20250208~CAS*CO*16*561.00~SVC*HC:99214*202*0.00**1~DTM*472*20250114~CAS*CO*16*202.00~SVC*HC:73610*163*0.00**1~DTM*472*20250114~CAS*CO*16*163.00~SVC*HC:81003*58*0.00**2~DTM*472*20250114~CAS*CO*16*58.00~SVC*HC:80061*80*0.00**1~DTM*472*20250114~CAS*CO*16*80.00~SVC*HC:94060*58*0.00**1~DTM*472*20250114~CAS*CO*16*58.00~CLP*SDG01140055*1*411*336.33*25.87*MC*120098414716~NM1*QC*1*GARCIA*SUSAN*D~NM1*82*1*PATEL*ANISHA*K***XX*9876543210~DTM*232*20250114~DTM*233*20250114~DTM*573*20250208~CAS*CO*45*48.80~CAS*PR*1*15.52*1*2*10.35*1~SVC*HC:99213*154*126.02**1~DTM*472*20250114~CAS*CO*45*27.98~SVC*HC:80048*64*52.37**1~DTM*472*20250114~CAS*CO*45*11.63~SVC*HC:96372*193*157.94**1~DTM*472*20250114~CAS*CO*45*35.06~CLP*ADM01140083*1*506*383.30*42.15*MC*120098133660~NM1*QC*1*MURPHY*AMELIA*D~NM1*82*1*PATEL*ANISHA*K***XX*9876543210~DTM*232*20250114~DTM*233*20250114~DTM*573*20250208~CAS*CO*45*80.55~CAS*PR*1*25.29*1*2*16.86*1~SVC*HC:99395*218*165.14**1~DTM*472*20250114~CAS*CO*45*52.86~SVC*HC:80053*262*198.47**2~DTM*472*20250114~CAS*CO*45*63.53~SVC*HC:36415*26*19.70**1~DTM*472*20250114~CAS*CO*45*6.30~CLP*JNC01140192*4*380*0.00*0.00*MC*120097688732~NM1*QC*1*COLLINS*JAMES*N~NM1*82*1*ABRAMS*DANIEL*T***XX*7788990011~DTM*232*20250114~DTM*233*20250114~DTM*573*20250208~CAS*CO*197*380.00~SVC*HC:99214*191*0.00**1~DTM*472*20250114~CAS*CO*197*191.00~SVC*HC:71101*167*0.00**1~DTM*472*20250114~CAS*CO*197*167.00~SVC*HC:81003*22*0.00**1~DTM*472*20250114~CAS*CO*197*22.00~CLP*RPH01140212*1*358*272.38*37.49*MC*120095373809~NM1*QC*1*HARRIS*RICHARD*P~NM1*82*1*GARCIA*MARCUS*D***XX*5566778899~DTM*232*20250114~DTM*233*20250114~DTM*573*20250208~CAS*CO*45*48.13~CAS*PR*1*22.49*1*2*15.00*1~SVC*HC:99214*193*146.84**1~DTM*472*20250114~CAS*CO*45*46.16~SVC*HC:73610*165*125.54**1~DTM*472*20250114~CAS*CO*45*39.46~CLP*EFP01140235*1*295*204.17*27.53*MC*120091916595~NM1*QC*1*PHILLIPS*ELIZABETH*F~NM1*82*1*GARCIA*MARCUS*D***XX*5566778899~DTM*232*20250114~DTM*233*20250114~DTM*573*20250208~CAS*CO*45*63.30~CAS*PR*1*16.52*1*2*11.01*1~SVC*HC:99213*156*107.97**1~DTM*472*20250114~CAS*CO*45*48.03~SVC*HC:94060*67*46.37**1~DTM*472*20250114~CAS*CO*45*20.63~SVC*HC:80061*72*49.83**1~DTM*472*20250114~CAS*CO*45*22.17~CLP*LTN01150027*1*140*107.51*13.71*MC*120095501616~NM1*QC*1*NELSON*LISA*T~NM1*82*1*ABRAMS*DANIEL*T***XX*7788990011~DTM*232*20250115~DTM*233*20250115~DTM*573*20250208~CAS*CO*45*18.78~CAS*PR*1*8.23*1*2*5.48*1~SVC*HC:99213*140*107.51**1~DTM*472*20250115~CAS*CO*45*32.49~CLP*RNR01150098*1*586*435.91*40.43*MC*120099145428~NM1*QC*1*ROBINSON*RICHARD*N~NM1*82*1*ABRAMS*DANIEL*T***XX*7788990011~DTM*232*20250115~DTM*233*20250115~DTM*573*20250208~CAS*CO*45*109.66~CAS*PR*1*24.26*1*2*16.17*1~SVC*HC:99395*216*160.68**1~DTM*472*20250115~CAS*CO*45*55.32~SVC*HC:99396*246*182.99**1~DTM*472*20250115~CAS*CO*45*63.01~SVC*HC:94060*124*92.24**2~DTM*472*20250115~CAS*CO*45*31.76~CLP*OPG01150163*1*316*230.69*39.26*MC*120094673341~NM1*QC*1*GARCIA*OLIVIA*P~NM1*82*1*KIM*JENNY*S***XX*6677889900~DTM*232*20250115~DTM*233*20250115~DTM*573*20250208~CAS*CO*45*46.05~CAS*PR*1*23.56*1*2*15.70*1~SVC*HC:99213*130*94.90**1~DTM*472*20250115~CAS*CO*45*35.10~SVC*HC:85027*37*27.01**1~DTM*472*20250115~CAS*CO*45*9.99~SVC*HC:87081*45*32.85**1~DTM*472*20250115~CAS*CO*45*12.15~SVC*HC:80053*104*75.92**1~DTM*472*20250115~CAS*CO*45*28.08~CLP*JKH01170079*1*208*162.62*25.18*MC*120096701595~NM1*QC*1*HALL*JESSICA*K~NM1*82*1*KIM*JENNY*S***XX*6677889900~DTM*232*20250117~DTM*233*20250117~DTM*573*20250208~CAS*CO*45*20.20~CAS*PR*1*15.11*1*2*10.07*1~SVC*HC:99214*208*162.62**1~DTM*472*20250117~CAS*CO*45*45.38~CLP*AAR01170093*1*375*298.91*39.53*MC*120091765519~NM1*QC*1*ROBERTS*AMELIA*A~NM1*82*1*KIM*JENNY*S***XX*6677889900~DTM*232*20250117~DTM*233*20250117~DTM*573*20250208~CAS*CO*45*36.56~CAS*PR*1*23.72*1*2*15.81*1~SVC*HC:99215*293*233.55**1~DTM*472*20250117~CAS*CO*45*59.45~SVC*HC:87081*82*65.36**2~DTM*472*20250117~CAS*CO*45*16.64~CLP*NVS01170178*1*434*326.69*41.62*MC*120096175949~NM1*QC*1*SMITH*NGOZI*V~NM1*82*1*PATEL*ANISHA*K***XX*9876543210~DTM*232*20250117~DTM*233*20250117~DTM*573*20250208~CAS*CO*45*65.69~CAS*PR*1*24.97*1*2*16.65*1~SVC*HC:99214*186*140.01**1~DTM*472*20250117~CAS*CO*45*45.99~SVC*HC:20610*148*111.41**1~DTM*472*20250117~CAS*CO*45*36.59~SVC*HC:80053*100*75.27**1~DTM*472*20250117~CAS*CO*45*24.73~CLP*TER01200150*1*309*239.03*27.85*MC*120098510091~NM1*QC*1*REYES*THANH*E~NM1*82*1*THOMPSON*RACHEL*L***XX*1122334455~DTM*232*20250120~DTM*233*20250120~DTM*573*20250208~CAS*CO*45*42.12~CAS*PR*1*16.71*1*2*11.14*1~SVC*HC:99213*152*117.58**1~DTM*472*20250120~CAS*CO*45*34.42~SVC*HC:85025*78*60.34**2~DTM*472*20250120~CAS*CO*45*17.66~SVC*HC:80061*79*61.11**1~DTM*472*20250120~CAS*CO*45*17.89~CLP*GGP01200203*1*531*404.78*31.36*MC*120097875496~NM1*QC*1*PRICE*GRACE*G~NM1*82*1*GARCIA*MARCUS*D***XX*5566778899~DTM*232*20250120~DTM*233*20250120~DTM*573*20250208~CAS*CO*45*94.86~CAS*PR*1*18.82*1*2*12.54*1~SVC*HC:99395*212*161.61**1~DTM*472*20250120~CAS*CO*45*50.39~SVC*HC:80053*139*105.96**1~DTM*472*20250120~CAS*CO*45*33.04~SVC*HC:83036*94*71.66**2~DTM*472*20250120~CAS*CO*45*22.34~SVC*HC:85027*31*23.63**1~DTM*472*20250120~CAS*CO*45*7.37~SVC*HC:87070*55*41.93**1~DTM*472*20250120~CAS*CO*45*13.07~CLP*TCE01210101*1*681*535.96*87.02*MC*120094712966~NM1*QC*1*EVANS*TIMOTHY*C~NM1*82*1*PATEL*ANISHA*K***XX*9876543210~DTM*232*20250121~DTM*233*20250121~DTM*573*20250208~CAS*CO*45*58.02~CAS*PR*1*52.21*1*2*34.81*1~SVC*HC:99214*223*175.51**1~DTM*472*20250121~CAS*CO*45*47.49~SVC*HC:71046*152*119.63**1~DTM*472*20250121~CAS*CO*45*32.37~SVC*HC:96372*218*171.57**1~DTM*472*20250121~CAS*CO*45*46.43~SVC*HC:94010*88*69.26**2~DTM*472*20250121~CAS*CO*45*18.74~CLP*CAC01210202*1*632*509.00*51.55*MC*120093793996~NM1*QC*1*CLARK*CARLOS*A~NM1*82*1*PATEL*ANISHA*K***XX*9876543210~DTM*232*20250121~DTM*233*20250121~DTM*573*20250208~CAS*CO*45*71.45~CAS*PR*1*30.93*1*2*20.62*1~SVC*HC:99214*207*166.71**1~DTM*472*20250121~CAS*CO*45*40.29~SVC*HC:96127*27*21.75**1~DTM*472*20250121~CAS*CO*45*5.25~SVC*HC:90834*94*75.71**1~DTM*472*20250121~CAS*CO*45*18.29~SVC*HC:99000*30*24.16**2~DTM*472*20250121~CAS*CO*45*5.84~SVC*HC:80061*93*74.90**1~DTM*472*20250121~CAS*CO*45*18.10~SVC*HC:80048*61*49.13**1~DTM*472*20250121~CAS*CO*45*11.87~SVC*HC:83036*120*96.65**2~DTM*472*20250121~CAS*CO*45*23.35~CLP*DNG01220038*1*245*191.01*15.43*MC*120099992807~NM1*QC*1*GARCIA*DONALD*N~NM1*82*1*ABRAMS*DANIEL*T***XX*7788990011~DTM*232*20250122~DTM*233*20250122~DTM*573*20250208~CAS*CO*45*38.56~CAS*PR*1*9.26*1*2*6.17*1~SVC*HC:99490*79*61.59**1~DTM*472*20250122~CAS*CO*45*17.41~SVC*HC:94010*49*38.20**1~DTM*472*20250122~CAS*CO*45*10.80~SVC*HC:87081*53*41.32**1~DTM*472*20250122~CAS*CO*45*11.68~SVC*HC:83036*64*49.90**1~DTM*472*20250122~CAS*CO*45*14.10~CLP*CRP01220076*1*162*126.80*9.20*MC*120094459475~NM1*QC*1*PARKER*CARLOS*R~NM1*82*1*THOMPSON*RACHEL*L***XX*1122334455~DTM*232*20250122~DTM*233*20250122~DTM*573*20250208~CAS*CO*45*26.00~CAS*PR*1*5.52*1*2*3.68*1~SVC*HC:99213*162*126.80**1~DTM*472*20250122~CAS*CO*45*35.20~CLP*OGC01220080*1*434*350.60*46.03*MC*120092850788~NM1*QC*1*CHEN*OLIVIA*G~NM1*82*1*KIM*JENNY*S***XX*6677889900~DTM*232*20250122~DTM*233*20250122~DTM*573*20250208~CAS*CO*45*37.37~CAS*PR*1*27.62*1*2*18.41*1~SVC*HC:99214*208*168.03**1~DTM*472*20250122~CAS*CO*45*39.97~SVC*HC:96127*27*21.81**1~DTM*472*20250122~CAS*CO*45*5.19~SVC*HC:90834*92*74.32**1~DTM*472*20250122~CAS*CO*45*17.68~SVC*HC:81003*23*18.58**1~DTM*472*20250122~CAS*CO*45*4.42~SVC*HC:81001*32*25.85**1~DTM*472*20250122~CAS*CO*45*6.15~SVC*HC:85025*52*42.01**1~DTM*472*20250122~CAS*CO*45*9.99~CLP*CEW01220108*4*465*0.00*0.00*MC*120096531182~NM1*QC*1*WILLIAMS*CHRISTOPHER*E~NM1*82*1*KIM*JENNY*S***XX*6677889900~DTM*232*20250122~DTM*233*20250122~DTM*573*20250208~CAS*CO*18*465.00~SVC*HC:99215*261*0.00**1~DTM*472*20250122~CAS*CO*18*261.00~SVC*HC:96372*204*0.00**1~DTM*472*20250122~CAS*CO*18*204.00~CLP*NPD01220244*1*242*182.53*18.01*MC*120093167873~NM1*QC*1*DIAZ*NANCY*P~NM1*82*1*THOMPSON*RACHEL*L***XX*1122334455~DTM*232*20250122~DTM*233*20250122~DTM*573*20250208~CAS*CO*45*41.46~CAS*PR*1*10.81*1*2*7.20*1~SVC*HC:99214*200*150.85**1~DTM*472*20250122~CAS*CO*45*49.15~SVC*HC:87070*42*31.68**1~DTM*472*20250122~CAS*CO*45*10.32~CLP*KTJ01230111*1*415*285.37*45.77*MC*120091334200~NM1*QC*1*JOHNSON*KAREN*T~NM1*82*1*ABRAMS*DANIEL*T***XX*7788990011~DTM*232*20250123~DTM*233*20250123~DTM*573*20250208~CAS*CO*45*83.86~CAS*PR*1*27.46*1*2*18.31*1~SVC*HC:99213*128*88.02**1~DTM*472*20250123~CAS*CO*45*39.98~SVC*HC:80053*101*69.45**1~DTM*472*20250123~CAS*CO*45*31.55~SVC*HC:85025*37*25.44**1~DTM*472*20250123~CAS*CO*45*11.56~SVC*HC:71046*149*102.46**1~DTM*472*20250123~CAS*CO*45*46.54~CLP*MNP01230130*1*331*256.58*40.53*MC*120091354296~NM1*QC*1*PHILLIPS*MATTHEW*N~NM1*82*1*THOMPSON*RACHEL*L***XX*1122334455~DTM*232*20250123~DTM*233*20250123~DTM*573*20250208~CAS*CO*45*33.89~CAS*PR*1*24.32*1*2*16.21*1~SVC*HC:99214*224*173.64**1~DTM*472*20250123~CAS*CO*45*50.36~SVC*HC:20610*107*82.94**1~DTM*472*20250123~CAS*CO*45*24.06~CLP*CCW01230156*1*156*118.81*16.00*MC*120097361721~NM1*QC*1*WILSON*CHARLOTTE*C~NM1*82*1*ABRAMS*DANIEL*T***XX*7788990011~DTM*232*20250123~DTM*233*20250123~DTM*573*20250208~CAS*CO*45*21.19~CAS*PR*1*9.60*1*2*6.40*1~SVC*HC:99213*156*118.81**1~DTM*472*20250123~CAS*CO*45*37.19~CLP*EDK01230236*1*288*208.47*17.34*MC*120092514189~NM1*QC*1*KING*ETHAN*D~NM1*82*1*KIM*JENNY*S***XX*6677889900~DTM*232*20250123~DTM*233*20250123~DTM*573*20250208~CAS*CO*45*62.19~CAS*PR*1*10.40*1*2*6.94*1~SVC*HC:99214*176*127.40**1~DTM*472*20250123~CAS*CO*45*48.60~SVC*HC:80069*68*49.22**1~DTM*472*20250123~CAS*CO*45*18.78~SVC*HC:87081*44*31.85**1~DTM*472*20250123~CAS*CO*45*12.15~CLP*EGM01230250*4*269*0.00*0.00*MC*120096591646~NM1*QC*1*MARTINEZ*ELIZABETH*G~NM1*82*1*ABRAMS*DANIEL*T***XX*7788990011~DTM*232*20250123~DTM*233*20250123~DTM*573*20250208~CAS*CO*197*269.00~SVC*HC:99213*128*0.00**1~DTM*472*20250123~CAS*CO*197*128.00~SVC*HC:71101*141*0.00**1~DTM*472*20250123~CAS*CO*197*141.00~CLP*CDY01240085*1*502*351.74*54.94*MC*120096917334~NM1*QC*1*YOUNG*CHLOE*D~NM1*82*1*PATEL*ANISHA*K***XX*9876543210~DTM*232*20250124~DTM*233*20250124~DTM*573*20250208~CAS*CO*45*95.32~CAS*PR*1*32.96*1*2*21.98*1~SVC*HC:99214*208*145.74**1~DTM*472*20250124~CAS*CO*45*62.26~SVC*HC:80053*122*85.48**1~DTM*472*20250124~CAS*CO*45*36.52~SVC*HC:71101*172*120.52**1~DTM*472*20250124~CAS*CO*45*51.48~CLP*KAY01240128*1*556*416.07*49.45*MC*120092064762~NM1*QC*1*YOUNG*KAREN*A~NM1*82*1*GARCIA*MARCUS*D***XX*5566778899~DTM*232*20250124~DTM*233*20250124~DTM*573*20250208~CAS*CO*45*90.48~CAS*PR*1*29.67*1*2*19.78*1~SVC*HC:99213*147*110.00**1~DTM*472*20250124~CAS*CO*45*37.00~SVC*HC:96372*190*142.18**1~DTM*472*20250124~CAS*CO*45*47.82~SVC*HC:71046*179*133.95**1~DTM*472*20250124~CAS*CO*45*45.05~SVC*HC:94010*40*29.93**1~DTM*472*20250124~CAS*CO*45*10.07~SE*553*0008~GE*1*8~IEA*1*000000008~